@inproceedings{DBLP:conf/ecai/KwisthoutBG10,
  author    = {Johan Kwisthout and
               Hans L. Bodlaender and
               Linda C. van der Gaag},
  editor    = {Helder Coelho and
               Rudi Studer and
               Michael J. Wooldridge},
  title     = {The Necessity of Bounded Treewidth for Efficient Inference in Bayesian
               Networks},
  booktitle = {{ECAI} 2010 - 19th European Conference on Artificial Intelligence,
               Lisbon, Portugal, August 16-20, 2010, Proceedings},
  series    = {Frontiers in Artificial Intelligence and Applications},
  volume    = {215},
  pages     = {237--242},
  publisher = {{IOS} Press},
  year      = {2010},
  url       = {http://www.booksonline.iospress.nl/Content/View.aspx?piid=17749},
  timestamp = {Fri, 26 Apr 2019 14:26:43 +0200},
  biburl    = {https://dblp.org/rec/conf/ecai/KwisthoutBG10.bib},
  bibsource = {dblp computer science bibliography, https://dblp.org}
}
@inproceedings{DBLP:conf/cp/DudekPV20,
  author    = {Jeffrey M. Dudek and
               Vu H. N. Phan and
               Moshe Y. Vardi},
  editor    = {Helmut Simonis},
  title     = {{DPMC:} Weighted Model Counting by Dynamic Programming on Project-Join
               Trees},
  booktitle = {Principles and Practice of Constraint Programming - 26th International
               Conference, {CP} 2020, Louvain-la-Neuve, Belgium, September 7-11,
               2020, Proceedings},
  series    = {Lecture Notes in Computer Science},
  volume    = {12333},
  pages     = {211--230},
  publisher = {Springer},
  year      = {2020},
  url       = {https://doi.org/10.1007/978-3-030-58475-7\_13},
  doi       = {10.1007/978-3-030-58475-7\_13},
  timestamp = {Tue, 08 Sep 2020 19:28:09 +0200},
  biburl    = {https://dblp.org/rec/conf/cp/DudekPV20.bib},
  bibsource = {dblp computer science bibliography, https://dblp.org}
}
@article{DBLP:journals/jct/RobertsonS84,
  author    = {Neil Robertson and
               Paul D. Seymour},
  title     = {Graph minors. {III.} Planar tree-width},
  journal   = {J. Comb. Theory, Ser. {B}},
  volume    = {36},
  number    = {1},
  pages     = {49--64},
  year      = {1984},
  url       = {https://doi.org/10.1016/0095-8956(84)90013-3},
  doi       = {10.1016/0095-8956(84)90013-3},
  timestamp = {Tue, 16 Feb 2021 14:06:46 +0100},
  biburl    = {https://dblp.org/rec/journals/jct/RobertsonS84.bib},
  bibsource = {dblp computer science bibliography, https://dblp.org}
}
@article{DBLP:journals/tc/Bryant86,
  author    = {Randal E. Bryant},
  title     = {Graph-Based Algorithms for Boolean Function Manipulation},
  journal   = {{IEEE} Trans. Computers},
  volume    = {35},
  number    = {8},
  pages     = {677--691},
  year      = {1986},
  url       = {https://doi.org/10.1109/TC.1986.1676819},
  doi       = {10.1109/TC.1986.1676819},
  timestamp = {Wed, 14 Nov 2018 10:48:32 +0100},
  biburl    = {https://dblp.org/rec/journals/tc/Bryant86.bib},
  bibsource = {dblp computer science bibliography, https://dblp.org}
}
@article{somenzi1998cudd,
  title={{CUDD}: {CU} decision diagram package release 3.0.0},
  author={Somenzi, Fabio},
  journal={University of Colorado at Boulder},
  year={2015}
}
@inproceedings{DBLP:conf/ecai/Darwiche04,
  author    = {Adnan Darwiche},
  editor    = {Ram{\'{o}}n L{\'{o}}pez de M{\'{a}}ntaras and
               Lorenza Saitta},
  title     = {New Advances in Compiling {CNF} into Decomposable Negation Normal
               Form},
  booktitle = {Proceedings of the 16th Eureopean Conference on Artificial Intelligence,
               ECAI'2004, including Prestigious Applicants of Intelligent Systems,
               {PAIS} 2004, Valencia, Spain, August 22-27, 2004},
  pages     = {328--332},
  publisher = {{IOS} Press},
  year      = {2004},
  timestamp = {Fri, 11 May 2018 12:42:30 +0200},
  biburl    = {https://dblp.org/rec/conf/ecai/Darwiche04.bib},
  bibsource = {dblp computer science bibliography, https://dblp.org}
}
@inproceedings{DBLP:conf/sat/SangBBKP04,
  author    = {Tian Sang and
               Fahiem Bacchus and
               Paul Beame and
               Henry A. Kautz and
               Toniann Pitassi},
  title     = {Combining Component Caching and Clause Learning for Effective Model
               Counting},
  booktitle = {{SAT} 2004 - The Seventh International Conference on Theory and Applications
               of Satisfiability Testing, 10-13 May 2004, Vancouver, BC, Canada,
               Online Proceedings},
  year      = {2004},
  url       = {http://www.satisfiability.org/SAT04/programme/21.pdf},
  timestamp = {Thu, 12 Mar 2020 11:37:14 +0100},
  biburl    = {https://dblp.org/rec/conf/sat/SangBBKP04.bib},
  bibsource = {dblp computer science bibliography, https://dblp.org}
}
@inproceedings{DBLP:conf/ijcai/LagniezM17,
  author    = {Jean{-}Marie Lagniez and
               Pierre Marquis},
  editor    = {Carles Sierra},
  title     = {An Improved Decision-{DNNF} Compiler},
  booktitle = {Proceedings of the Twenty-Sixth International Joint Conference on
               Artificial Intelligence, {IJCAI} 2017, Melbourne, Australia, August
               19-25, 2017},
  pages     = {667--673},
  publisher = {ijcai.org},
  year      = {2017},
  url       = {https://doi.org/10.24963/ijcai.2017/93},
  doi       = {10.24963/ijcai.2017/93},
  timestamp = {Tue, 20 Aug 2019 16:17:27 +0200},
  biburl    = {https://dblp.org/rec/conf/ijcai/LagniezM17.bib},
  bibsource = {dblp computer science bibliography, https://dblp.org}
}
@inproceedings{DBLP:conf/ijcai/OztokD15,
  author    = {Umut Oztok and
               Adnan Darwiche},
  editor    = {Qiang Yang and
               Michael J. Wooldridge},
  title     = {A Top-Down Compiler for Sentential Decision Diagrams},
  booktitle = {Proceedings of the Twenty-Fourth International Joint Conference on
               Artificial Intelligence, {IJCAI} 2015, Buenos Aires, Argentina, July
               25-31, 2015},
  pages     = {3141--3148},
  publisher = {{AAAI} Press},
  year      = {2015},
  url       = {http://ijcai.org/Abstract/15/443},
  timestamp = {Tue, 20 Aug 2019 16:16:44 +0200},
  biburl    = {https://dblp.org/rec/conf/ijcai/OztokD15.bib},
  bibsource = {dblp computer science bibliography, https://dblp.org}
}
@inproceedings{DBLP:conf/sat/EenS03,
  author    = {Niklas E{\'{e}}n and
               Niklas S{\"{o}}rensson},
  editor    = {Enrico Giunchiglia and
               Armando Tacchella},
  title     = {An Extensible {SAT}-solver},
  booktitle = {Theory and Applications of Satisfiability Testing, 6th International
               Conference, {SAT} 2003. Santa Margherita Ligure, Italy, May 5-8, 2003
               Selected Revised Papers},
  series    = {Lecture Notes in Computer Science},
  volume    = {2919},
  pages     = {502--518},
  publisher = {Springer},
  year      = {2003},
  url       = {https://doi.org/10.1007/978-3-540-24605-3\_37},
  doi       = {10.1007/978-3-540-24605-3\_37},
  timestamp = {Tue, 14 May 2019 10:00:41 +0200},
  biburl    = {https://dblp.org/rec/conf/sat/EenS03.bib},
  bibsource = {dblp computer science bibliography, https://dblp.org}
}
@inproceedings{DBLP:conf/cpaior/AbseherMW17,
  author    = {Michael Abseher and
               Nysret Musliu and
               Stefan Woltran},
  editor    = {Domenico Salvagnin and
               Michele Lombardi},
  title     = {htd - {A} Free, Open-Source Framework for (Customized) Tree Decompositions
               and Beyond},
  booktitle = {Integration of {AI} and {OR} Techniques in Constraint Programming
               - 14th International Conference, {CPAIOR} 2017, Padua, Italy, June
               5-8, 2017, Proceedings},
  series    = {Lecture Notes in Computer Science},
  volume    = {10335},
  pages     = {376--386},
  publisher = {Springer},
  year      = {2017},
  url       = {https://doi.org/10.1007/978-3-319-59776-8\_30},
  doi       = {10.1007/978-3-319-59776-8\_30},
  timestamp = {Tue, 29 Dec 2020 18:41:17 +0100},
  biburl    = {https://dblp.org/rec/conf/cpaior/AbseherMW17.bib},
  bibsource = {dblp computer science bibliography, https://dblp.org}
}
@inproceedings{DBLP:conf/icalp/GalanisG0Y20,
  author    = {Andreas Galanis and
               Leslie Ann Goldberg and
               Heng Guo and
               Kuan Yang},
  editor    = {Artur Czumaj and
               Anuj Dawar and
               Emanuela Merelli},
  title     = {Counting Solutions to Random {CNF} Formulas},
  booktitle = {47th International Colloquium on Automata, Languages, and Programming,
               {ICALP} 2020, July 8-11, 2020, Saarbr{\"{u}}cken, Germany (Virtual
               Conference)},
  series    = {LIPIcs},
  volume    = {168},
  pages     = {53:1--53:14},
  publisher = {Schloss Dagstuhl - Leibniz-Zentrum f{\"{u}}r Informatik},
  year      = {2020},
  url       = {https://doi.org/10.4230/LIPIcs.ICALP.2020.53},
  doi       = {10.4230/LIPIcs.ICALP.2020.53},
  timestamp = {Mon, 21 Dec 2020 13:23:22 +0100},
  biburl    = {https://dblp.org/rec/conf/icalp/GalanisG0Y20.bib},
  bibsource = {dblp computer science bibliography, https://dblp.org}
}
@article{DBLP:journals/tcs/BoufkhadD99,
  author    = {Yacine Boufkhad and
               Olivier Dubois},
  title     = {Length of Prime Implicants and Number of Solutions of Random {CNF}
               Formulae},
  journal   = {Theor. Comput. Sci.},
  volume    = {215},
  number    = {1-2},
  pages     = {1--30},
  year      = {1999},
  url       = {https://doi.org/10.1016/S0304-3975(95)00184-0},
  doi       = {10.1016/S0304-3975(95)00184-0},
  timestamp = {Wed, 17 Feb 2021 22:00:43 +0100},
  biburl    = {https://dblp.org/rec/journals/tcs/BoufkhadD99.bib},
  bibsource = {dblp computer science bibliography, https://dblp.org}
}
@inproceedings{DBLP:conf/ijcai/ChaI95,
  author    = {Byungki Cha and
               Kazuo Iwama},
  title     = {Performance Test of Local Search Algorithms Using New Types of Random
               {CNF} Formulas},
  booktitle = {Proceedings of the Fourteenth International Joint Conference on Artificial
               Intelligence, {IJCAI} 95, Montr{\'{e}}al Qu{\'{e}}bec, Canada,
               August 20-25 1995, 2 Volumes},
  pages     = {304--311},
  publisher = {Morgan Kaufmann},
  year      = {1995},
  url       = {http://ijcai.org/Proceedings/95-1/Papers/040.pdf},
  timestamp = {Tue, 20 Aug 2019 16:17:30 +0200},
  biburl    = {https://dblp.org/rec/conf/ijcai/ChaI95.bib},
  bibsource = {dblp computer science bibliography, https://dblp.org}
}
@inproceedings{DBLP:conf/ijcai/DudekMV17,
  author    = {Jeffrey M. Dudek and
               Kuldeep S. Meel and
               Moshe Y. Vardi},
  editor    = {Carles Sierra},
  title     = {The Hard Problems Are Almost Everywhere For Random {CNF-XOR} Formulas},
  booktitle = {Proceedings of the Twenty-Sixth International Joint Conference on
               Artificial Intelligence, {IJCAI} 2017, Melbourne, Australia, August
               19-25, 2017},
  pages     = {600--606},
  publisher = {ijcai.org},
  year      = {2017},
  url       = {https://doi.org/10.24963/ijcai.2017/84},
  doi       = {10.24963/ijcai.2017/84},
  timestamp = {Tue, 20 Aug 2019 16:16:54 +0200},
  biburl    = {https://dblp.org/rec/conf/ijcai/DudekMV17.bib},
  bibsource = {dblp computer science bibliography, https://dblp.org}
}
@inproceedings{DBLP:conf/aaai/SangBK05,
  author    = {Tian Sang and
               Paul Beame and
               Henry A. Kautz},
  editor    = {Manuela M. Veloso and
               Subbarao Kambhampati},
  title     = {Performing {Bayesian} Inference by Weighted Model Counting},
  booktitle = {Proceedings, The Twentieth National Conference on Artificial Intelligence
               and the Seventeenth Innovative Applications of Artificial Intelligence
               Conference, July 9-13, 2005, Pittsburgh, Pennsylvania, {USA}},
  pages     = {475--482},
  publisher = {{AAAI} Press / The {MIT} Press},
  year      = {2005},
  url       = {http://www.aaai.org/Library/AAAI/2005/aaai05-075.php},
  timestamp = {Wed, 10 Feb 2021 08:43:24 +0100},
  biburl    = {https://dblp.org/rec/conf/aaai/SangBK05.bib},
  bibsource = {dblp computer science bibliography, https://dblp.org}
}
@article{DBLP:journals/jacm/Darwiche01,
  author    = {Adnan Darwiche},
  title     = {Decomposable negation normal form},
  journal   = {J. {ACM}},
  volume    = {48},
  number    = {4},
  pages     = {608--647},
  year      = {2001},
  url       = {https://doi.org/10.1145/502090.502091},
  doi       = {10.1145/502090.502091},
  timestamp = {Tue, 06 Nov 2018 12:51:45 +0100},
  biburl    = {https://dblp.org/rec/journals/jacm/Darwiche01.bib},
  bibsource = {dblp computer science bibliography, https://dblp.org}
}
@article{DBLP:journals/jair/BacchusDP09,
  author    = {Fahiem Bacchus and
               Shannon Dalmao and
               Toniann Pitassi},
  title     = {Solving {\#}SAT and Bayesian Inference with Backtracking Search},
  journal   = {J. Artif. Intell. Res.},
  volume    = {34},
  pages     = {391--442},
  year      = {2009},
  url       = {https://doi.org/10.1613/jair.2648},
  doi       = {10.1613/jair.2648},
  timestamp = {Mon, 21 Jan 2019 15:01:17 +0100},
  biburl    = {https://dblp.org/rec/journals/jair/BacchusDP09.bib},
  bibsource = {dblp computer science bibliography, https://dblp.org}
}
@inproceedings{DBLP:conf/sat/SangBK05,
  author    = {Tian Sang and
               Paul Beame and
               Henry A. Kautz},
  editor    = {Fahiem Bacchus and
               Toby Walsh},
  title     = {Heuristics for Fast Exact Model Counting},
  booktitle = {Theory and Applications of Satisfiability Testing, 8th International
               Conference, {SAT} 2005, St. Andrews, UK, June 19-23, 2005, Proceedings},
  series    = {Lecture Notes in Computer Science},
  volume    = {3569},
  pages     = {226--240},
  publisher = {Springer},
  year      = {2005},
  url       = {https://doi.org/10.1007/11499107\_17},
  doi       = {10.1007/11499107\_17},
  timestamp = {Tue, 14 May 2019 10:00:41 +0200},
  biburl    = {https://dblp.org/rec/conf/sat/SangBK05.bib},
  bibsource = {dblp computer science bibliography, https://dblp.org}
}
@article{DBLP:journals/jda/SamerS10,
  author    = {Marko Samer and
               Stefan Szeider},
  title     = {Algorithms for propositional model counting},
  journal   = {J. Discrete Algorithms},
  volume    = {8},
  number    = {1},
  pages     = {50--64},
  year      = {2010},
  url       = {https://doi.org/10.1016/j.jda.2009.06.002},
  doi       = {10.1016/j.jda.2009.06.002},
  timestamp = {Tue, 16 Feb 2021 14:03:27 +0100},
  biburl    = {https://dblp.org/rec/journals/jda/SamerS10.bib},
  bibsource = {dblp computer science bibliography, https://dblp.org}
}
@inproceedings{DBLP:conf/sat/GanianS17,
  author    = {Robert Ganian and
               Stefan Szeider},
  editor    = {Serge Gaspers and
               Toby Walsh},
  title     = {New Width Parameters for Model Counting},
  booktitle = {Theory and Applications of Satisfiability Testing - {SAT} 2017 - 20th
               International Conference, Melbourne, VIC, Australia, August 28 - September
               1, 2017, Proceedings},
  series    = {Lecture Notes in Computer Science},
  volume    = {10491},
  pages     = {38--52},
  publisher = {Springer},
  year      = {2017},
  url       = {https://doi.org/10.1007/978-3-319-66263-3\_3},
  doi       = {10.1007/978-3-319-66263-3\_3},
  timestamp = {Tue, 14 May 2019 10:00:41 +0200},
  biburl    = {https://dblp.org/rec/conf/sat/GanianS17.bib},
  bibsource = {dblp computer science bibliography, https://dblp.org}
}
@inproceedings{DBLP:conf/coco/CalabroIP06,
  author    = {Chris Calabro and
               Russell Impagliazzo and
               Ramamohan Paturi},
  title     = {A Duality between Clause Width and Clause Density for {SAT}},
  booktitle = {21st Annual {IEEE} Conference on Computational Complexity {(CCC} 2006),
               16-20 July 2006, Prague, Czech Republic},
  pages     = {252--260},
  publisher = {{IEEE} Computer Society},
  year      = {2006},
  url       = {https://doi.org/10.1109/CCC.2006.6},
  doi       = {10.1109/CCC.2006.6},
  timestamp = {Tue, 21 Jul 2020 19:04:52 +0200},
  biburl    = {https://dblp.org/rec/conf/coco/CalabroIP06.bib},
  bibsource = {dblp computer science bibliography, https://dblp.org}
}
@inproceedings{DBLP:conf/ijcai/CheesemanKT91,
  author    = {Peter C. Cheeseman and
               Bob Kanefsky and
               William M. Taylor},
  editor    = {John Mylopoulos and
               Raymond Reiter},
  title     = {Where the Really Hard Problems Are},
  booktitle = {Proceedings of the 12th International Joint Conference on Artificial
               Intelligence. Sydney, Australia, August 24-30, 1991},
  pages     = {331--340},
  publisher = {Morgan Kaufmann},
  year      = {1991},
  url       = {http://ijcai.org/Proceedings/91-1/Papers/052.pdf},
  timestamp = {Tue, 20 Aug 2019 16:18:13 +0200},
  biburl    = {https://dblp.org/rec/conf/ijcai/CheesemanKT91.bib},
  bibsource = {dblp computer science bibliography, https://dblp.org}
}
@inproceedings{DBLP:conf/dimacs/AsahiroIM93,
  author    = {Yuichi Asahiro and
               Kazuo Iwama and
               Eiji Miyano},
  editor    = {David S. Johnson and
               Michael A. Trick},
  title     = {Random generation of test instances with controlled attributes},
  booktitle = {Cliques, Coloring, and Satisfiability, Proceedings of a {DIMACS} Workshop,
               New Brunswick, New Jersey, USA, October 11-13, 1993},
  series    = {{DIMACS} Series in Discrete Mathematics and Theoretical Computer Science},
  volume    = {26},
  pages     = {377--393},
  publisher = {{DIMACS/AMS}},
  year      = {1993},
  url       = {https://doi.org/10.1090/dimacs/026/18},
  doi       = {10.1090/dimacs/026/18},
  timestamp = {Tue, 16 Jul 2019 17:45:06 +0200},
  biburl    = {https://dblp.org/rec/conf/dimacs/AsahiroIM93.bib},
  bibsource = {dblp computer science bibliography, https://dblp.org}
}
@inproceedings{DBLP:conf/aaai/MitchellSL92,
  author    = {David G. Mitchell and
               Bart Selman and
               Hector J. Levesque},
  editor    = {William R. Swartout},
  title     = {Hard and Easy Distributions of {SAT} Problems},
  booktitle = {Proceedings of the 10th National Conference on Artificial Intelligence,
               San Jose, CA, USA, July 12-16, 1992},
  pages     = {459--465},
  publisher = {{AAAI} Press / The {MIT} Press},
  year      = {1992},
  url       = {http://www.aaai.org/Library/AAAI/1992/aaai92-071.php},
  timestamp = {Tue, 19 Jun 2018 18:21:00 +0200},
  biburl    = {https://dblp.org/rec/conf/aaai/MitchellSL92.bib},
  bibsource = {dblp computer science bibliography, https://dblp.org}
}
@inproceedings{DBLP:conf/focs/AchlioptasM02,
  author    = {Dimitris Achlioptas and
               Cristopher Moore},
  title     = {The Asymptotic Order of the Random k -SAT Threshold},
  booktitle = {43rd Symposium on Foundations of Computer Science {(FOCS} 2002), 16-19
               November 2002, Vancouver, BC, Canada, Proceedings},
  pages     = {779--788},
  publisher = {{IEEE} Computer Society},
  year      = {2002},
  url       = {https://doi.org/10.1109/SFCS.2002.1182003},
  doi       = {10.1109/SFCS.2002.1182003},
  timestamp = {Wed, 16 Oct 2019 14:14:54 +0200},
  biburl    = {https://dblp.org/rec/conf/focs/AchlioptasM02.bib},
  bibsource = {dblp computer science bibliography, https://dblp.org}
}
@inproceedings{DBLP:conf/cec/HossainALA10,
  author    = {Md. Murad Hossain and
               Hussein A. Abbass and
               Chris Lokan and
               Sameer Alam},
  title     = {Adversarial Evolution: Phase transition in non-uniform hard satisfiability
               problems},
  booktitle = {Proceedings of the {IEEE} Congress on Evolutionary Computation, {CEC}
               2010, Barcelona, Spain, 18-23 July 2010},
  pages     = {1--8},
  publisher = {{IEEE}},
  year      = {2010},
  url       = {https://doi.org/10.1109/CEC.2010.5586506},
  doi       = {10.1109/CEC.2010.5586506},
  timestamp = {Fri, 27 Mar 2020 09:02:27 +0100},
  biburl    = {https://dblp.org/rec/conf/cec/HossainALA10.bib},
  bibsource = {dblp computer science bibliography, https://dblp.org}
}
@article{DBLP:journals/ai/SelmanK96,
  author    = {Bart Selman and
               Scott Kirkpatrick},
  title     = {Critical Behavior in the Computational Cost of Satisfiability Testing},
  journal   = {Artif. Intell.},
  volume    = {81},
  number    = {1-2},
  pages     = {273--295},
  year      = {1996},
  url       = {https://doi.org/10.1016/0004-3702(95)00056-9},
  doi       = {10.1016/0004-3702(95)00056-9},
  timestamp = {Sat, 27 May 2017 14:24:41 +0200},
  biburl    = {https://dblp.org/rec/journals/ai/SelmanK96.bib},
  bibsource = {dblp computer science bibliography, https://dblp.org}
}
@article{DBLP:journals/ai/CrawfordA96,
  author    = {James M. Crawford and
               Larry D. Auton},
  title     = {Experimental Results on the Crossover Point in Random 3-SAT},
  journal   = {Artif. Intell.},
  volume    = {81},
  number    = {1-2},
  pages     = {31--57},
  year      = {1996},
  url       = {https://doi.org/10.1016/0004-3702(95)00046-1},
  doi       = {10.1016/0004-3702(95)00046-1},
  timestamp = {Sat, 27 May 2017 14:24:42 +0200},
  biburl    = {https://dblp.org/rec/journals/ai/CrawfordA96.bib},
  bibsource = {dblp computer science bibliography, https://dblp.org}
}
@article{DBLP:journals/cpc/Coja-OghlanW18,
  author    = {Amin Coja{-}Oghlan and
               Nick Wormald},
  title     = {The Number of Satisfying Assignments of Random Regular k-SAT Formulas},
  journal   = {Comb. Probab. Comput.},
  volume    = {27},
  number    = {4},
  pages     = {496--530},
  year      = {2018},
  url       = {https://doi.org/10.1017/S0963548318000263},
  doi       = {10.1017/S0963548318000263},
  timestamp = {Thu, 12 Mar 2020 15:55:50 +0100},
  biburl    = {https://dblp.org/rec/journals/cpc/Coja-OghlanW18.bib},
  bibsource = {dblp computer science bibliography, https://dblp.org}
}
@inproceedings{DBLP:conf/lics/Atserias05a,
  author    = {Albert Atserias},
  title     = {Definability on a Random 3-CNF Formula},
  booktitle = {20th {IEEE} Symposium on Logic in Computer Science {(LICS} 2005),
               26-29 June 2005, Chicago, IL, USA, Proceedings},
  pages     = {458--466},
  publisher = {{IEEE} Computer Society},
  year      = {2005},
  url       = {https://doi.org/10.1109/LICS.2005.14},
  doi       = {10.1109/LICS.2005.14},
  timestamp = {Wed, 16 Oct 2019 14:14:54 +0200},
  biburl    = {https://dblp.org/rec/conf/lics/Atserias05a.bib},
  bibsource = {dblp computer science bibliography, https://dblp.org}
}
@article{DBLP:journals/ai/Gao09,
  author    = {Yong Gao},
  title     = {Data reductions, fixed parameter tractability, and random weighted
               d-CNF satisfiability},
  journal   = {Artif. Intell.},
  volume    = {173},
  number    = {14},
  pages     = {1343--1366},
  year      = {2009},
  url       = {https://doi.org/10.1016/j.artint.2009.06.005},
  doi       = {10.1016/j.artint.2009.06.005},
  timestamp = {Mon, 20 Nov 2017 01:31:37 +0100},
  biburl    = {https://dblp.org/rec/journals/ai/Gao09.bib},
  bibsource = {dblp computer science bibliography, https://dblp.org}
}
@inproceedings{DBLP:conf/sat/AchlioptasM12,
  author    = {Dimitris Achlioptas and
               Ricardo Menchaca{-}Mendez},
  editor    = {Alessandro Cimatti and
               Roberto Sebastiani},
  title     = {Exponential Lower Bounds for {DPLL} Algorithms on Satisfiable Random
               3-CNF Formulas},
  booktitle = {Theory and Applications of Satisfiability Testing - {SAT} 2012 - 15th
               International Conference, Trento, Italy, June 17-20, 2012. Proceedings},
  series    = {Lecture Notes in Computer Science},
  volume    = {7317},
  pages     = {327--340},
  publisher = {Springer},
  year      = {2012},
  url       = {https://doi.org/10.1007/978-3-642-31612-8\_25},
  doi       = {10.1007/978-3-642-31612-8\_25},
  timestamp = {Sun, 02 Jun 2019 21:24:00 +0200},
  biburl    = {https://dblp.org/rec/conf/sat/AchlioptasM12.bib},
  bibsource = {dblp computer science bibliography, https://dblp.org}
}
@article{DBLP:journals/algorithmica/DoerrNS17,
  author    = {Benjamin Doerr and
               Frank Neumann and
               Andrew M. Sutton},
  title     = {Time Complexity Analysis of Evolutionary Algorithms on Random Satisfiable
               k-CNF Formulas},
  journal   = {Algorithmica},
  volume    = {78},
  number    = {2},
  pages     = {561--586},
  year      = {2017},
  url       = {https://doi.org/10.1007/s00453-016-0190-3},
  doi       = {10.1007/s00453-016-0190-3},
  timestamp = {Fri, 27 Dec 2019 21:18:25 +0100},
  biburl    = {https://dblp.org/rec/journals/algorithmica/DoerrNS17.bib},
  bibsource = {dblp computer science bibliography, https://dblp.org}
}
@article{DBLP:journals/amai/MaarenN05,
  author    = {Hans van Maaren and
               Linda van Norden},
  title     = {Correlations between Horn fractions, satisfiability and solver performance
               for fixed density random 3-CNF instances},
  journal   = {Ann. Math. Artif. Intell.},
  volume    = {44},
  number    = {1-2},
  pages     = {157--177},
  year      = {2005},
  url       = {https://doi.org/10.1007/s10472-005-2369-1},
  doi       = {10.1007/s10472-005-2369-1},
  timestamp = {Sun, 28 May 2017 13:21:00 +0200},
  biburl    = {https://dblp.org/rec/journals/amai/MaarenN05.bib},
  bibsource = {dblp computer science bibliography, https://dblp.org}
}
@inproceedings{DBLP:conf/tacas/BlasiusFS19,
  author    = {Thomas Bl{\"{a}}sius and
               Tobias Friedrich and
               Andrew M. Sutton},
  editor    = {Tom{\'{a}}s Vojnar and
               Lijun Zhang},
  title     = {On the Empirical Time Complexity of Scale-Free 3-SAT at the Phase
               Transition},
  booktitle = {Tools and Algorithms for the Construction and Analysis of Systems
               - 25th International Conference, {TACAS} 2019, Held as Part of the
               European Joint Conferences on Theory and Practice of Software, {ETAPS}
               2019, Prague, Czech Republic, April 6-11, 2019, Proceedings, Part
               {I}},
  series    = {Lecture Notes in Computer Science},
  volume    = {11427},
  pages     = {117--134},
  publisher = {Springer},
  year      = {2019},
  url       = {https://doi.org/10.1007/978-3-030-17462-0\_7},
  doi       = {10.1007/978-3-030-17462-0\_7},
  timestamp = {Fri, 31 Jan 2020 21:32:25 +0100},
  biburl    = {https://dblp.org/rec/conf/tacas/BlasiusFS19.bib},
  bibsource = {dblp computer science bibliography, https://dblp.org}
}
@article{DBLP:journals/access/LinWN21,
  author    = {Qingwen Lin and
               Xiaofeng Wang and
               Jin Niu},
  title     = {A New Method for 3-Satisfiability Problem Phase Transition on Structural
               Entropy},
  journal   = {{IEEE} Access},
  volume    = {9},
  pages     = {2093--2099},
  year      = {2021},
  url       = {https://doi.org/10.1109/ACCESS.2020.3047930},
  doi       = {10.1109/ACCESS.2020.3047930},
  timestamp = {Sat, 09 Jan 2021 14:13:30 +0100},
  biburl    = {https://dblp.org/rec/journals/access/LinWN21.bib},
  bibsource = {dblp computer science bibliography, https://dblp.org}
}
@article{DBLP:journals/constraints/CoarfaDASV03,
  author    = {Cristian Coarfa and
               Demetrios D. Demopoulos and
               Alfonso San Miguel Aguirre and
               Devika Subramanian and
               Moshe Y. Vardi},
  title     = {Random 3-SAT: The Plot Thickens},
  journal   = {Constraints An Int. J.},
  volume    = {8},
  number    = {3},
  pages     = {243--261},
  year      = {2003},
  url       = {https://doi.org/10.1023/A:1025671026963},
  doi       = {10.1023/A:1025671026963},
  timestamp = {Fri, 13 Mar 2020 10:58:26 +0100},
  biburl    = {https://dblp.org/rec/journals/constraints/CoarfaDASV03.bib},
  bibsource = {dblp computer science bibliography, https://dblp.org}
}
@article{DBLP:journals/jsat/Lozinskii06,
  author    = {Eliezer L. Lozinskii},
  title     = {Impurity: Another Phase Transition of {SAT}},
  journal   = {J. Satisf. Boolean Model. Comput.},
  volume    = {1},
  number    = {2},
  pages     = {123--141},
  year      = {2006},
  url       = {https://doi.org/10.3233/sat190006},
  doi       = {10.3233/sat190006},
  timestamp = {Mon, 17 Aug 2020 18:32:39 +0200},
  biburl    = {https://dblp.org/rec/journals/jsat/Lozinskii06.bib},
  bibsource = {dblp computer science bibliography, https://dblp.org}
}
@inproceedings{DBLP:conf/ijcai/Giraldez-CruL17,
  author    = {Jes{\'{u}}s Gir{\'{a}}ldez{-}Cru and
               Jordi Levy},
  editor    = {Carles Sierra},
  title     = {Locality in Random {SAT} Instances},
  booktitle = {Proceedings of the Twenty-Sixth International Joint Conference on
               Artificial Intelligence, {IJCAI} 2017, Melbourne, Australia, August
               19-25, 2017},
  pages     = {638--644},
  publisher = {ijcai.org},
  year      = {2017},
  url       = {https://doi.org/10.24963/ijcai.2017/89},
  doi       = {10.24963/ijcai.2017/89},
  timestamp = {Fri, 27 Mar 2020 09:00:53 +0100},
  biburl    = {https://dblp.org/rec/conf/ijcai/Giraldez-CruL17.bib},
  bibsource = {dblp computer science bibliography, https://dblp.org}
}
@inproceedings{DBLP:conf/ijcai/AnsoteguiBL09,
  author    = {Carlos Ans{\'{o}}tegui and
               Maria Luisa Bonet and
               Jordi Levy},
  editor    = {Craig Boutilier},
  title     = {Towards Industrial-Like Random {SAT} Instances},
  booktitle = {{IJCAI} 2009, Proceedings of the 21st International Joint Conference
               on Artificial Intelligence, Pasadena, California, USA, July 11-17,
               2009},
  pages     = {387--392},
  year      = {2009},
  url       = {http://ijcai.org/Proceedings/09/Papers/072.pdf},
  timestamp = {Tue, 20 Aug 2019 16:17:14 +0200},
  biburl    = {https://dblp.org/rec/conf/ijcai/AnsoteguiBL09.bib},
  bibsource = {dblp computer science bibliography, https://dblp.org}
}
@inproceedings{DBLP:conf/sat/Sinopalnikov04,
  author    = {Danila A. Sinopalnikov},
  title     = {Satisfiability Threshold of the Skewed Random k-SAT},
  booktitle = {{SAT} 2004 - The Seventh International Conference on Theory and Applications
               of Satisfiability Testing, 10-13 May 2004, Vancouver, BC, Canada,
               Online Proceedings},
  year      = {2004},
  url       = {http://www.satisfiability.org/SAT04/programme/115.pdf},
  timestamp = {Thu, 12 Mar 2020 11:37:14 +0100},
  biburl    = {https://dblp.org/rec/conf/sat/Sinopalnikov04.bib},
  bibsource = {dblp computer science bibliography, https://dblp.org}
}
@article{DBLP:journals/ai/Giraldez-CruL16,
  author    = {Jes{\'{u}}s Gir{\'{a}}ldez{-}Cru and
               Jordi Levy},
  title     = {Generating {SAT} instances with community structure},
  journal   = {Artif. Intell.},
  volume    = {238},
  pages     = {119--134},
  year      = {2016},
  url       = {https://doi.org/10.1016/j.artint.2016.06.001},
  doi       = {10.1016/j.artint.2016.06.001},
  timestamp = {Wed, 14 Jun 2017 20:37:20 +0200},
  biburl    = {https://dblp.org/rec/journals/ai/Giraldez-CruL16.bib},
  bibsource = {dblp computer science bibliography, https://dblp.org}
}
@inproceedings{DBLP:conf/aaai/Pehoushek00,
  author    = {Roberto J. Bayardo Jr. and
               Joseph Daniel Pehoushek},
  editor    = {Henry A. Kautz and
               Bruce W. Porter},
  title     = {Counting Models Using Connected Components},
  booktitle = {Proceedings of the Seventeenth National Conference on Artificial Intelligence
               and Twelfth Conference on on Innovative Applications of Artificial
               Intelligence, July 30 - August 3, 2000, Austin, Texas, {USA}},
  pages     = {157--162},
  publisher = {{AAAI} Press / The {MIT} Press},
  year      = {2000},
  url       = {http://www.aaai.org/Library/AAAI/2000/aaai00-024.php},
  timestamp = {Wed, 10 Feb 2021 08:44:14 +0100},
  biburl    = {https://dblp.org/rec/conf/aaai/Pehoushek00.bib},
  bibsource = {dblp computer science bibliography, https://dblp.org}
}
@inproceedings{DBLP:conf/ausai/Slater02,
  author    = {Andrew Slater},
  editor    = {Bob McKay and
               John K. Slaney},
  title     = {Modelling More Realistic {SAT} Problems},
  booktitle = {{AI} 2002: Advances in Artificial Intelligence, 15th Australian Joint
               Conference on Artificial Intelligence, Canberra, Australia, December
               2-6, 2002, Proceedings},
  series    = {Lecture Notes in Computer Science},
  volume    = {2557},
  pages     = {591--602},
  publisher = {Springer},
  year      = {2002},
  url       = {https://doi.org/10.1007/3-540-36187-1\_52},
  doi       = {10.1007/3-540-36187-1\_52},
  timestamp = {Tue, 14 May 2019 10:00:53 +0200},
  biburl    = {https://dblp.org/rec/conf/ausai/Slater02.bib},
  bibsource = {dblp computer science bibliography, https://dblp.org}
}
@inproceedings{DBLP:conf/ecai/GentW94,
  author    = {Ian P. Gent and
               Toby Walsh},
  editor    = {Anthony G. Cohn},
  title     = {The {SAT} Phase Transition},
  booktitle = {Proceedings of the Eleventh European Conference on Artificial Intelligence,
               Amsterdam, The Netherlands, August 8-12, 1994},
  pages     = {105--109},
  publisher = {John Wiley and Sons, Chichester},
  year      = {1994},
  timestamp = {Wed, 31 Jul 2019 08:45:09 +0200},
  biburl    = {https://dblp.org/rec/conf/ecai/GentW94.bib},
  bibsource = {dblp computer science bibliography, https://dblp.org}
}
@article{DBLP:journals/dam/FrancoP83,
  author    = {John Franco and
               Marvin C. Paull},
  title     = {Probabilistic analysis of the Davis Putnam procedure for solving the
               satisfiability problem},
  journal   = {Discret. Appl. Math.},
  volume    = {5},
  number    = {1},
  pages     = {77--87},
  year      = {1983},
  url       = {https://doi.org/10.1016/0166-218X(83)90017-3},
  doi       = {10.1016/0166-218X(83)90017-3},
  timestamp = {Thu, 11 Feb 2021 23:23:39 +0100},
  biburl    = {https://dblp.org/rec/journals/dam/FrancoP83.bib},
  bibsource = {dblp computer science bibliography, https://dblp.org}
}
@article{DBLP:journals/siamcomp/PurdomB83,
  author    = {Paul Walton Purdom Jr. and
               Cynthia A. Brown},
  title     = {An Analysis of Backtracking with Search Rearrangement},
  journal   = {{SIAM} J. Comput.},
  volume    = {12},
  number    = {4},
  pages     = {717--733},
  year      = {1983},
  url       = {https://doi.org/10.1137/0212049},
  doi       = {10.1137/0212049},
  timestamp = {Sat, 27 May 2017 14:22:58 +0200},
  biburl    = {https://dblp.org/rec/journals/siamcomp/PurdomB83.bib},
  bibsource = {dblp computer science bibliography, https://dblp.org}
}
@article{DBLP:journals/ipl/GoldbergPB82,
  author    = {Allen Goldberg and
               Paul Walton Purdom Jr. and
               Cynthia A. Brown},
  title     = {Average Time Analyses of Simplified Davis-Putnam Procedures},
  journal   = {Inf. Process. Lett.},
  volume    = {15},
  number    = {2},
  pages     = {72--75},
  year      = {1982},
  url       = {https://doi.org/10.1016/0020-0190(82)90110-7},
  doi       = {10.1016/0020-0190(82)90110-7},
  timestamp = {Fri, 26 May 2017 22:54:40 +0200},
  biburl    = {https://dblp.org/rec/journals/ipl/GoldbergPB82.bib},
  bibsource = {dblp computer science bibliography, https://dblp.org}
}
@article{DBLP:journals/dam/CourcelleMR01,
  author    = {Bruno Courcelle and
               Johann A. Makowsky and
               Udi Rotics},
  title     = {On the fixed parameter complexity of graph enumeration problems definable
               in monadic second-order logic},
  journal   = {Discret. Appl. Math.},
  volume    = {108},
  number    = {1-2},
  pages     = {23--52},
  year      = {2001},
  url       = {https://doi.org/10.1016/S0166-218X(00)00221-3},
  doi       = {10.1016/S0166-218X(00)00221-3},
  timestamp = {Thu, 11 Feb 2021 23:20:30 +0100},
  biburl    = {https://dblp.org/rec/journals/dam/CourcelleMR01.bib},
  bibsource = {dblp computer science bibliography, https://dblp.org}
}
@inproceedings{DBLP:conf/sat/Szeider03,
  author    = {Stefan Szeider},
  editor    = {Enrico Giunchiglia and
               Armando Tacchella},
  title     = {On Fixed-Parameter Tractable Parameterizations of {SAT}},
  booktitle = {Theory and Applications of Satisfiability Testing, 6th International
               Conference, {SAT} 2003. Santa Margherita Ligure, Italy, May 5-8, 2003
               Selected Revised Papers},
  series    = {Lecture Notes in Computer Science},
  volume    = {2919},
  pages     = {188--202},
  publisher = {Springer},
  year      = {2003},
  url       = {https://doi.org/10.1007/978-3-540-24605-3\_15},
  doi       = {10.1007/978-3-540-24605-3\_15},
  timestamp = {Tue, 14 May 2019 10:00:41 +0200},
  biburl    = {https://dblp.org/rec/conf/sat/Szeider03.bib},
  bibsource = {dblp computer science bibliography, https://dblp.org}
}
@inproceedings{DBLP:conf/sat/BovaCMS15,
  author    = {Simone Bova and
               Florent Capelli and
               Stefan Mengel and
               Friedrich Slivovsky},
  editor    = {Marijn Heule and
               Sean A. Weaver},
  title     = {On Compiling CNFs into Structured Deterministic DNNFs},
  booktitle = {Theory and Applications of Satisfiability Testing - {SAT} 2015 - 18th
               International Conference, Austin, TX, USA, September 24-27, 2015,
               Proceedings},
  series    = {Lecture Notes in Computer Science},
  volume    = {9340},
  pages     = {199--214},
  publisher = {Springer},
  year      = {2015},
  url       = {https://doi.org/10.1007/978-3-319-24318-4\_15},
  doi       = {10.1007/978-3-319-24318-4\_15},
  timestamp = {Mon, 16 Sep 2019 15:30:17 +0200},
  biburl    = {https://dblp.org/rec/conf/sat/BovaCMS15.bib},
  bibsource = {dblp computer science bibliography, https://dblp.org}
}
@article{DBLP:journals/corr/abs-1807-04263,
  author    = {Florent Capelli and
               Stefan Mengel},
  title     = {Knowledge Compilation, Width and Quantification},
  journal   = {CoRR},
  volume    = {abs/1807.04263},
  year      = {2018},
  url       = {http://arxiv.org/abs/1807.04263},
  archivePrefix = {arXiv},
  eprint    = {1807.04263},
  timestamp = {Mon, 13 Aug 2018 16:47:12 +0200},
  biburl    = {https://dblp.org/rec/journals/corr/abs-1807-04263.bib},
  bibsource = {dblp computer science bibliography, https://dblp.org}
}
@inproceedings{DBLP:conf/aaai/DudekPV20,
  author    = {Jeffrey M. Dudek and
               Vu Phan and
               Moshe Y. Vardi},
  title     = {{ADDMC:} Weighted Model Counting with Algebraic Decision Diagrams},
  booktitle = {The Thirty-Fourth {AAAI} Conference on Artificial Intelligence, {AAAI}
               2020, The Thirty-Second Innovative Applications of Artificial Intelligence
               Conference, {IAAI} 2020, The Tenth {AAAI} Symposium on Educational
               Advances in Artificial Intelligence, {EAAI} 2020, New York, NY, USA,
               February 7-12, 2020},
  pages     = {1468--1476},
  publisher = {{AAAI} Press},
  year      = {2020},
  url       = {https://aaai.org/ojs/index.php/AAAI/article/view/5505},
  timestamp = {Tue, 02 Feb 2021 08:00:10 +0100},
  biburl    = {https://dblp.org/rec/conf/aaai/DudekPV20.bib},
  bibsource = {dblp computer science bibliography, https://dblp.org}
}
@inproceedings{my_sat_paper,
  author    = {Paulius Dilkas and Vaishak Belle},
  editor    = {Chu Min Li and Felip Many{\`{a}}},
  title     = {Weighted Model Counting Without Parameter Variables},
  booktitle = {Theory and Applications of Satisfiability Testing - {SAT} 2021 - 24th
               International Conference, Barcelona, Spain, July 5-9, 2021, Proceedings},
  series    = {Lecture Notes in Computer Science},
  publisher = {Springer},
  year      = {2021}
}
@article{DBLP:journals/fmsd/BaharFGHMPS97,
  author    = {R. Iris Bahar and
               Erica A. Frohm and
               Charles M. Gaona and
               Gary D. Hachtel and
               Enrico Macii and
               Abelardo Pardo and
               Fabio Somenzi},
  title     = {Algebraic Decision Diagrams and Their Applications},
  journal   = {Formal Methods Syst. Des.},
  volume    = {10},
  number    = {2/3},
  pages     = {171--206},
  year      = {1997},
  url       = {https://doi.org/10.1023/A:1008699807402},
  doi       = {10.1023/A:1008699807402},
  timestamp = {Fri, 27 Mar 2020 08:37:15 +0100},
  biburl    = {https://dblp.org/rec/journals/fmsd/BaharFGHMPS97.bib},
  bibsource = {dblp computer science bibliography, https://dblp.org}
}
@inproceedings{DBLP:conf/aaai/RenkensKBR14,
  author    = {Joris Renkens and
               Angelika Kimmig and
               Guy Van den Broeck and
               Luc De Raedt},
  editor    = {Carla E. Brodley and
               Peter Stone},
  title     = {Explanation-Based Approximate Weighted Model Counting for Probabilistic
               Logics},
  booktitle = {Proceedings of the Twenty-Eighth {AAAI} Conference on Artificial Intelligence,
               July 27 -31, 2014, Qu{\'{e}}bec City, Qu{\'{e}}bec, Canada},
  pages     = {2490--2496},
  publisher = {{AAAI} Press},
  year      = {2014},
  url       = {http://www.aaai.org/ocs/index.php/AAAI/AAAI14/paper/view/8484},
  timestamp = {Thu, 18 Feb 2021 14:57:36 +0100},
  biburl    = {https://dblp.org/rec/conf/aaai/RenkensKBR14.bib},
  bibsource = {dblp computer science bibliography, https://dblp.org}
}
@inproceedings{DBLP:conf/pgm/DalLL18,
  author    = {Giso H. Dal and
               Alfons W. Laarman and
               Peter J. F. Lucas},
  editor    = {Milan Studen{\'{y}} and
               V{\'{a}}clav Kratochv{\'{\i}}l},
  title     = {Parallel Probabilistic Inference by Weighted Model Counting},
  booktitle = {International Conference on Probabilistic Graphical Models, {PGM}
               2018, 11-14 September 2018, Prague, Czech Republic},
  series    = {Proceedings of Machine Learning Research},
  volume    = {72},
  pages     = {97--108},
  publisher = {{PMLR}},
  year      = {2018},
  url       = {http://proceedings.mlr.press/v72/dal18a.html},
  timestamp = {Thu, 21 Jan 2021 17:36:39 +0100},
  biburl    = {https://dblp.org/rec/conf/pgm/DalLL18.bib},
  bibsource = {dblp computer science bibliography, https://dblp.org}
}
@inproceedings{DBLP:conf/esa/FichteHWZ18,
  author    = {Johannes Klaus Fichte and
               Markus Hecher and
               Stefan Woltran and
               Markus Zisser},
  editor    = {Yossi Azar and
               Hannah Bast and
               Grzegorz Herman},
  title     = {Weighted Model Counting on the {GPU} by Exploiting Small Treewidth},
  booktitle = {26th Annual European Symposium on Algorithms, {ESA} 2018, August 20-22,
               2018, Helsinki, Finland},
  series    = {LIPIcs},
  volume    = {112},
  pages     = {28:1--28:16},
  publisher = {Schloss Dagstuhl - Leibniz-Zentrum f{\"{u}}r Informatik},
  year      = {2018},
  url       = {https://doi.org/10.4230/LIPIcs.ESA.2018.28},
  doi       = {10.4230/LIPIcs.ESA.2018.28},
  timestamp = {Tue, 11 Feb 2020 15:52:14 +0100},
  biburl    = {https://dblp.org/rec/conf/esa/FichteHWZ18.bib},
  bibsource = {dblp computer science bibliography, https://dblp.org}
}
@inproceedings{DBLP:conf/ecai/Riguzzi20,
  author    = {Fabrizio Riguzzi},
  editor    = {Giuseppe De Giacomo and
               Alejandro Catal{\'{a}} and
               Bistra Dilkina and
               Michela Milano and
               Sen{\'{e}}n Barro and
               Alberto Bugar{\'{\i}}n and
               J{\'{e}}r{\^{o}}me Lang},
  title     = {Quantum Weighted Model Counting},
  booktitle = {{ECAI} 2020 - 24th European Conference on Artificial Intelligence,
               29 August-8 September 2020, Santiago de Compostela, Spain, August
               29 - September 8, 2020 - Including 10th Conference on Prestigious
               Applications of Artificial Intelligence {(PAIS} 2020)},
  series    = {Frontiers in Artificial Intelligence and Applications},
  volume    = {325},
  pages     = {2640--2647},
  publisher = {{IOS} Press},
  year      = {2020},
  url       = {https://doi.org/10.3233/FAIA200401},
  doi       = {10.3233/FAIA200401},
  timestamp = {Fri, 09 Apr 2021 18:50:05 +0200},
  biburl    = {https://dblp.org/rec/conf/ecai/Riguzzi20.bib},
  bibsource = {dblp computer science bibliography, https://dblp.org}
}
@inproceedings{DBLP:conf/ijcai/ChakrabortyFMV15,
  author    = {Supratik Chakraborty and
               Dror Fried and
               Kuldeep S. Meel and
               Moshe Y. Vardi},
  editor    = {Qiang Yang and
               Michael J. Wooldridge},
  title     = {From Weighted to Unweighted Model Counting},
  booktitle = {Proceedings of the Twenty-Fourth International Joint Conference on
               Artificial Intelligence, {IJCAI} 2015, Buenos Aires, Argentina, July
               25-31, 2015},
  pages     = {689--695},
  publisher = {{AAAI} Press},
  year      = {2015},
  url       = {http://ijcai.org/Abstract/15/103},
  timestamp = {Tue, 20 Aug 2019 16:17:58 +0200},
  biburl    = {https://dblp.org/rec/conf/ijcai/ChakrabortyFMV15.bib},
  bibsource = {dblp computer science bibliography, https://dblp.org}
}
@article{DBLP:journals/ai/GanianS21,
  author    = {Robert Ganian and
               Stefan Szeider},
  title     = {New width parameters for {SAT} and {\#}SAT},
  journal   = {Artif. Intell.},
  volume    = {295},
  pages     = {103460},
  year      = {2021},
  url       = {https://doi.org/10.1016/j.artint.2021.103460},
  doi       = {10.1016/j.artint.2021.103460},
  timestamp = {Sun, 16 May 2021 00:14:24 +0200},
  biburl    = {https://dblp.org/rec/journals/ai/GanianS21.bib},
  bibsource = {dblp computer science bibliography, https://dblp.org}
}
@article{DBLP:journals/jct/RobertsonS91,
  author    = {Neil Robertson and
               Paul D. Seymour},
  title     = {Graph minors. X. Obstructions to tree-decomposition},
  journal   = {J. Comb. Theory, Ser. {B}},
  volume    = {52},
  number    = {2},
  pages     = {153--190},
  year      = {1991},
  url       = {https://doi.org/10.1016/0095-8956(91)90061-N},
  doi       = {10.1016/0095-8956(91)90061-N},
  timestamp = {Tue, 16 Feb 2021 14:05:53 +0100},
  biburl    = {https://dblp.org/rec/journals/jct/RobertsonS91.bib},
  bibsource = {dblp computer science bibliography, https://dblp.org}
}
@inproceedings{DBLP:conf/cp/DilkasB20,
  author    = {Paulius Dilkas and
               Vaishak Belle},
  editor    = {Helmut Simonis},
  title     = {Generating Random Logic Programs Using Constraint Programming},
  booktitle = {Principles and Practice of Constraint Programming - 26th International
               Conference, {CP} 2020, Louvain-la-Neuve, Belgium, September 7-11,
               2020, Proceedings},
  series    = {Lecture Notes in Computer Science},
  volume    = {12333},
  pages     = {828--845},
  publisher = {Springer},
  year      = {2020},
  url       = {https://doi.org/10.1007/978-3-030-58475-7\_48},
  doi       = {10.1007/978-3-030-58475-7\_48},
  timestamp = {Tue, 08 Sep 2020 19:28:10 +0200},
  biburl    = {https://dblp.org/rec/conf/cp/DilkasB20.bib},
  bibsource = {dblp computer science bibliography, https://dblp.org}
}
@inproceedings{my_uai_paper,
  author    = {Paulius Dilkas and Vaishak Belle},
  editor    = {Cassio de Campos and Marloes Maathuis},
  title     = {Weighted Model Counting with Conditional Weights for {Bayesian} Networks},
  booktitle = {Proceedings of the Thirty-Seventh Conference on Uncertainty in Artificial
               Intelligence, {UAI} 2021, virtual online, July 27-30, 2021},
  series    = {Proceedings of Machine Learning Research},
  publisher = {{AUAI} Press},
  year      = {2021}
}
@article{DBLP:journals/ai/ChaviraD08,
  author    = {Mark Chavira and
               Adnan Darwiche},
  title     = {On probabilistic inference by weighted model counting},
  journal   = {Artif. Intell.},
  volume    = {172},
  number    = {6-7},
  pages     = {772--799},
  year      = {2008},
  url       = {https://doi.org/10.1016/j.artint.2007.11.002},
  doi       = {10.1016/j.artint.2007.11.002},
  timestamp = {Sat, 27 May 2017 14:24:42 +0200},
  biburl    = {https://dblp.org/rec/journals/ai/ChaviraD08.bib},
  bibsource = {dblp computer science bibliography, https://dblp.org}
}
@article{DBLP:journals/jacm/DavisP60,
  author    = {Martin Davis and
               Hilary Putnam},
  title     = {A Computing Procedure for Quantification Theory},
  journal   = {J. {ACM}},
  volume    = {7},
  number    = {3},
  pages     = {201--215},
  year      = {1960},
  url       = {http://doi.acm.org/10.1145/321033.321034},
  doi       = {10.1145/321033.321034},
  timestamp = {Wed, 14 Nov 2018 10:35:26 +0100},
  biburl    = {https://dblp.org/rec/journals/jacm/DavisP60.bib},
  bibsource = {dblp computer science bibliography, https://dblp.org}
}
@article{DBLP:journals/cacm/DavisLL62,
  author    = {Martin Davis and
               George Logemann and
               Donald W. Loveland},
  title     = {A machine program for theorem-proving},
  journal   = {Commun. {ACM}},
  volume    = {5},
  number    = {7},
  pages     = {394--397},
  year      = {1962},
  url       = {https://doi.org/10.1145/368273.368557},
  doi       = {10.1145/368273.368557},
  timestamp = {Wed, 14 Nov 2018 10:22:35 +0100},
  biburl    = {https://dblp.org/rec/journals/cacm/DavisLL62.bib},
  bibsource = {dblp computer science bibliography, https://dblp.org}
}
@article{DBLP:journals/jancl/Darwiche01,
  author    = {Adnan Darwiche},
  title     = {On the Tractable Counting of Theory Models and its Application to
               Truth Maintenance and Belief Revision},
  journal   = {J. Appl. Non Class. Logics},
  volume    = {11},
  number    = {1-2},
  pages     = {11--34},
  year      = {2001},
  url       = {https://doi.org/10.3166/jancl.11.11-34},
  doi       = {10.3166/jancl.11.11-34},
  timestamp = {Sat, 25 Apr 2020 14:02:36 +0200},
  biburl    = {https://dblp.org/rec/journals/jancl/Darwiche01.bib},
  bibsource = {dblp computer science bibliography, https://dblp.org}
}
@inproceedings{DBLP:conf/aaai/FargierM06,
  author    = {H{\'{e}}l{\`{e}}ne Fargier and
               Pierre Marquis},
  title     = {On the Use of Partially Ordered Decision Graphs in Knowledge Compilation
               and Quantified Boolean Formulae},
  booktitle = {Proceedings, The Twenty-First National Conference on Artificial Intelligence
               and the Eighteenth Innovative Applications of Artificial Intelligence
               Conference, July 16-20, 2006, Boston, Massachusetts, {USA}},
  pages     = {42--47},
  publisher = {{AAAI} Press},
  year      = {2006},
  url       = {http://www.aaai.org/Library/AAAI/2006/aaai06-007.php},
  timestamp = {Wed, 10 Feb 2021 08:44:37 +0100},
  biburl    = {https://dblp.org/rec/conf/aaai/FargierM06.bib},
  bibsource = {dblp computer science bibliography, https://dblp.org}
}
@inproceedings{DBLP:conf/ijcai/Darwiche11,
  author    = {Adnan Darwiche},
  editor    = {Toby Walsh},
  title     = {{SDD:} {A} New Canonical Representation of Propositional Knowledge
               Bases},
  booktitle = {{IJCAI} 2011, Proceedings of the 22nd International Joint Conference
               on Artificial Intelligence, Barcelona, Catalonia, Spain, July 16-22,
               2011},
  pages     = {819--826},
  publisher = {{IJCAI/AAAI}},
  year      = {2011},
  url       = {https://doi.org/10.5591/978-1-57735-516-8/IJCAI11-143},
  doi       = {10.5591/978-1-57735-516-8/IJCAI11-143},
  timestamp = {Tue, 20 Aug 2019 16:16:04 +0200},
  biburl    = {https://dblp.org/rec/conf/ijcai/Darwiche11.bib},
  bibsource = {dblp computer science bibliography, https://dblp.org}
}
@book{DBLP:series/txcs/DowneyF13,
  author    = {Rodney G. Downey and
               Michael R. Fellows},
  title     = {Fundamentals of Parameterized Complexity},
  series    = {Texts in Computer Science},
  publisher = {Springer},
  year      = {2013},
  url       = {https://doi.org/10.1007/978-1-4471-5559-1},
  doi       = {10.1007/978-1-4471-5559-1},
  isbn      = {978-1-4471-5558-4},
  timestamp = {Tue, 16 May 2017 14:24:38 +0200},
  biburl    = {https://dblp.org/rec/series/txcs/DowneyF13.bib},
  bibsource = {dblp computer science bibliography, https://dblp.org}
}
@inproceedings{DBLP:conf/ijcai/Darwiche99,
  author    = {Adnan Darwiche},
  editor    = {Thomas Dean},
  title     = {Compiling Knowledge into Decomposable Negation Normal Form},
  booktitle = {Proceedings of the Sixteenth International Joint Conference on Artificial
               Intelligence, {IJCAI} 99, Stockholm, Sweden, July 31 - August 6, 1999.
               2 Volumes, 1450 pages},
  pages     = {284--289},
  publisher = {Morgan Kaufmann},
  year      = {1999},
  url       = {http://ijcai.org/Proceedings/99-1/Papers/042.pdf},
  timestamp = {Tue, 20 Aug 2019 16:18:16 +0200},
  biburl    = {https://dblp.org/rec/conf/ijcai/Darwiche99.bib},
  bibsource = {dblp computer science bibliography, https://dblp.org}
}