@inproceedings{DBLP:conf/cp/DudekPV20,
  author    = {Jeffrey M. Dudek and
               Vu H. N. Phan and
               Moshe Y. Vardi},
  editor    = {Helmut Simonis},
  title     = {{DPMC:} {Weighted} Model Counting by Dynamic Programming on Project-Join
               Trees},
  booktitle = {Principles and Practice of Constraint Programming - 26th International
               Conference, {CP} 2020, Louvain-la-Neuve, Belgium, September 7-11,
               2020, Proceedings},
  series    = {Lecture Notes in Computer Science},
  volume    = {12333},
  pages     = {211--230},
  publisher = {Springer},
  year      = {2020},
  doi       = {10.1007/978-3-030-58475-7_13},
  timestamp = {Tue, 08 Sep 2020 19:28:09 +0200},
  biburl    = {https://dblp.org/rec/conf/cp/DudekPV20.bib},
  bibsource = {dblp computer science bibliography, https://dblp.org}
}
@article{DBLP:journals/jct/RobertsonS84,
  author    = {Neil Robertson and
               Paul D. Seymour},
  title     = {Graph minors. {III.} {Planar} tree-width},
  journal   = {J. Comb. Theory, Ser. {B}},
  volume    = {36},
  number    = {1},
  pages     = {49--64},
  year      = {1984},
  doi       = {10.1016/0095-8956(84)90013-3},
  timestamp = {Fri, 27 Aug 2021 14:49:51 +0200},
  biburl    = {https://dblp.org/rec/journals/jct/RobertsonS84.bib},
  bibsource = {dblp computer science bibliography, https://dblp.org}
}
@inproceedings{DBLP:conf/ecai/Darwiche04,
  author    = {Adnan Darwiche},
  editor    = {Ram{\'{o}}n L{\'{o}}pez de M{\'{a}}ntaras and
               Lorenza Saitta},
  title     = {New Advances in Compiling {CNF} into Decomposable Negation Normal
               Form},
  booktitle = {Proceedings of the 16th Eureopean Conference on Artificial Intelligence,
               ECAI'2004, including Prestigious Applicants of Intelligent Systems,
               {PAIS} 2004, Valencia, Spain, August 22-27, 2004},
  pages     = {328--332},
  publisher = {{IOS} Press},
  year      = {2004},
  timestamp = {Fri, 11 May 2018 12:42:30 +0200},
  biburl    = {https://dblp.org/rec/conf/ecai/Darwiche04.bib},
  bibsource = {dblp computer science bibliography, https://dblp.org}
}
@inproceedings{DBLP:conf/sat/SangBBKP04,
  author    = {Tian Sang and
               Fahiem Bacchus and
               Paul Beame and
               Henry A. Kautz and
               Toniann Pitassi},
  title     = {Combining Component Caching and Clause Learning for Effective Model
               Counting},
  booktitle = {{SAT} 2004 - The Seventh International Conference on Theory and Applications
               of Satisfiability Testing, 10-13 May 2004, Vancouver, BC, Canada,
               Online Proceedings},
  year      = {2004},
  url       = {http://www.satisfiability.org/SAT04/programme/21.pdf},
  timestamp = {Thu, 12 Mar 2020 11:37:14 +0100},
  biburl    = {https://dblp.org/rec/conf/sat/SangBBKP04.bib},
  bibsource = {dblp computer science bibliography, https://dblp.org}
}
@inproceedings{DBLP:conf/ijcai/LagniezM17,
  author    = {Jean{-}Marie Lagniez and
               Pierre Marquis},
  editor    = {Carles Sierra},
  title     = {An Improved Decision-{DNNF} Compiler},
  booktitle = {Proceedings of the Twenty-Sixth International Joint Conference on
               Artificial Intelligence, {IJCAI} 2017, Melbourne, Australia, August
               19-25, 2017},
  pages     = {667--673},
  publisher = {ijcai.org},
  year      = {2017},
  doi       = {10.24963/ijcai.2017/93},
  timestamp = {Tue, 20 Aug 2019 16:17:27 +0200},
  biburl    = {https://dblp.org/rec/conf/ijcai/LagniezM17.bib},
  bibsource = {dblp computer science bibliography, https://dblp.org}
}
@inproceedings{DBLP:conf/ijcai/OztokD15,
  author    = {Umut Oztok and
               Adnan Darwiche},
  editor    = {Qiang Yang and
               Michael J. Wooldridge},
  title     = {A Top-Down Compiler for Sentential Decision Diagrams},
  booktitle = {Proceedings of the Twenty-Fourth International Joint Conference on
               Artificial Intelligence, {IJCAI} 2015, Buenos Aires, Argentina, July
               25-31, 2015},
  pages     = {3141--3148},
  publisher = {{AAAI} Press},
  year      = {2015},
  url       = {http://ijcai.org/Abstract/15/443},
  timestamp = {Tue, 20 Aug 2019 16:16:44 +0200},
  biburl    = {https://dblp.org/rec/conf/ijcai/OztokD15.bib},
  bibsource = {dblp computer science bibliography, https://dblp.org}
}
@inproceedings{DBLP:conf/sat/EenS03,
  author    = {Niklas E{\'{e}}n and
               Niklas S{\"{o}}rensson},
  editor    = {Enrico Giunchiglia and
               Armando Tacchella},
  title     = {An Extensible {SAT}-solver},
  booktitle = {Theory and Applications of Satisfiability Testing, 6th International
               Conference, {SAT} 2003. Santa Margherita Ligure, Italy, May 5-8, 2003
               Selected Revised Papers},
  series    = {Lecture Notes in Computer Science},
  volume    = {2919},
  pages     = {502--518},
  publisher = {Springer},
  year      = {2003},
  doi       = {10.1007/978-3-540-24605-3_37},
  timestamp = {Tue, 14 May 2019 10:00:41 +0200},
  biburl    = {https://dblp.org/rec/conf/sat/EenS03.bib},
  bibsource = {dblp computer science bibliography, https://dblp.org}
}
@inproceedings{DBLP:conf/cpaior/AbseherMW17,
  author    = {Michael Abseher and
               Nysret Musliu and
               Stefan Woltran},
  editor    = {Domenico Salvagnin and
               Michele Lombardi},
  title     = {htd - {A} Free, Open-Source Framework for (Customized) Tree Decompositions
               and Beyond},
  booktitle = {Integration of {AI} and {OR} Techniques in Constraint Programming
               - 14th International Conference, {CPAIOR} 2017, Padua, Italy, June
               5-8, 2017, Proceedings},
  series    = {Lecture Notes in Computer Science},
  volume    = {10335},
  pages     = {376--386},
  publisher = {Springer},
  year      = {2017},
  doi       = {10.1007/978-3-319-59776-8_30},
  timestamp = {Tue, 29 Dec 2020 18:41:17 +0100},
  biburl    = {https://dblp.org/rec/conf/cpaior/AbseherMW17.bib},
  bibsource = {dblp computer science bibliography, https://dblp.org}
}
@article{DBLP:journals/siamcomp/GalanisGGY21,
  author    = {Andreas Galanis and
               Leslie Ann Goldberg and
               Heng Guo and
               Kuan Yang},
  title     = {Counting Solutions to Random {CNF} Formulas},
  journal   = {{SIAM} J. Comput.},
  volume    = {50},
  number    = {6},
  pages     = {1701--1738},
  year      = {2021},
  doi       = {10.1137/20M1351527},
  timestamp = {Mon, 03 Jan 2022 22:09:34 +0100},
  biburl    = {https://dblp.org/rec/journals/siamcomp/GalanisGGY21.bib},
  bibsource = {dblp computer science bibliography, https://dblp.org}
}
@inproceedings{DBLP:conf/ijcai/DudekMV17,
  author    = {Jeffrey M. Dudek and
               Kuldeep S. Meel and
               Moshe Y. Vardi},
  editor    = {Carles Sierra},
  title     = {The Hard Problems Are Almost Everywhere For Random {CNF-XOR} Formulas},
  booktitle = {Proceedings of the Twenty-Sixth International Joint Conference on
               Artificial Intelligence, {IJCAI} 2017, Melbourne, Australia, August
               19-25, 2017},
  pages     = {600--606},
  publisher = {ijcai.org},
  year      = {2017},
  doi       = {10.24963/ijcai.2017/84},
  timestamp = {Tue, 20 Aug 2019 16:16:54 +0200},
  biburl    = {https://dblp.org/rec/conf/ijcai/DudekMV17.bib},
  bibsource = {dblp computer science bibliography, https://dblp.org}
}
@inproceedings{DBLP:conf/aaai/SangBK05,
  author    = {Tian Sang and
               Paul Beame and
               Henry A. Kautz},
  editor    = {Manuela M. Veloso and
               Subbarao Kambhampati},
  title     = {Performing {Bayesian} Inference by Weighted Model Counting},
  booktitle = {Proceedings, The Twentieth National Conference on Artificial Intelligence
               and the Seventeenth Innovative Applications of Artificial Intelligence
               Conference, July 9-13, 2005, Pittsburgh, Pennsylvania, {USA}},
  pages     = {475--482},
  publisher = {{AAAI} Press / The {MIT} Press},
  year      = {2005},
  url       = {http://www.aaai.org/Library/AAAI/2005/aaai05-075.php},
  timestamp = {Wed, 10 Feb 2021 08:43:24 +0100},
  biburl    = {https://dblp.org/rec/conf/aaai/SangBK05.bib},
  bibsource = {dblp computer science bibliography, https://dblp.org}
}
@article{DBLP:journals/jacm/Darwiche01,
  author    = {Adnan Darwiche},
  title     = {Decomposable negation normal form},
  journal   = {J. {ACM}},
  volume    = {48},
  number    = {4},
  pages     = {608--647},
  year      = {2001},
  doi       = {10.1145/502090.502091},
  timestamp = {Tue, 06 Nov 2018 12:51:45 +0100},
  biburl    = {https://dblp.org/rec/journals/jacm/Darwiche01.bib},
  bibsource = {dblp computer science bibliography, https://dblp.org}
}
@article{DBLP:journals/jair/BacchusDP09,
  author    = {Fahiem Bacchus and
               Shannon Dalmao and
               Toniann Pitassi},
  title     = {Solving {\#}{SAT} and {Bayesian} Inference with Backtracking Search},
  journal   = {J. Artif. Intell. Res.},
  volume    = {34},
  pages     = {391--442},
  year      = {2009},
  doi       = {10.1613/jair.2648},
  timestamp = {Mon, 21 Jan 2019 15:01:17 +0100},
  biburl    = {https://dblp.org/rec/journals/jair/BacchusDP09.bib},
  bibsource = {dblp computer science bibliography, https://dblp.org}
}
@inproceedings{DBLP:conf/sat/SangBK05,
  author    = {Tian Sang and
               Paul Beame and
               Henry A. Kautz},
  editor    = {Fahiem Bacchus and
               Toby Walsh},
  title     = {Heuristics for Fast Exact Model Counting},
  booktitle = {Theory and Applications of Satisfiability Testing, 8th International
               Conference, {SAT} 2005, St. Andrews, UK, June 19-23, 2005, Proceedings},
  series    = {Lecture Notes in Computer Science},
  volume    = {3569},
  pages     = {226--240},
  publisher = {Springer},
  year      = {2005},
  doi       = {10.1007/11499107_17},
  timestamp = {Tue, 14 May 2019 10:00:41 +0200},
  biburl    = {https://dblp.org/rec/conf/sat/SangBK05.bib},
  bibsource = {dblp computer science bibliography, https://dblp.org}
}
@inproceedings{DBLP:conf/aaai/MitchellSL92,
  author    = {David G. Mitchell and
               Bart Selman and
               Hector J. Levesque},
  editor    = {William R. Swartout},
  title     = {Hard and Easy Distributions of {SAT} Problems},
  booktitle = {Proceedings of the 10th National Conference on Artificial Intelligence,
               San Jose, CA, USA, July 12-16, 1992},
  pages     = {459--465},
  publisher = {{AAAI} Press / The {MIT} Press},
  year      = {1992},
  url       = {http://www.aaai.org/Library/AAAI/1992/aaai92-071.php},
  timestamp = {Tue, 19 Jun 2018 18:21:00 +0200},
  biburl    = {https://dblp.org/rec/conf/aaai/MitchellSL92.bib},
  bibsource = {dblp computer science bibliography, https://dblp.org}
}
@inproceedings{DBLP:conf/focs/AchlioptasM02,
  author    = {Dimitris Achlioptas and
               Cristopher Moore},
  title     = {The Asymptotic Order of the Random k-{SAT} Threshold},
  booktitle = {43rd Symposium on Foundations of Computer Science {(FOCS} 2002), 16-19
               November 2002, Vancouver, BC, Canada, Proceedings},
  pages     = {779--788},
  publisher = {{IEEE} Computer Society},
  year      = {2002},
  doi       = {10.1109/SFCS.2002.1182003},
  timestamp = {Wed, 16 Oct 2019 14:14:54 +0200},
  biburl    = {https://dblp.org/rec/conf/focs/AchlioptasM02.bib},
  bibsource = {dblp computer science bibliography, https://dblp.org}
}
@inproceedings{DBLP:conf/cec/HossainALA10,
  author    = {Md. Murad Hossain and
               Hussein A. Abbass and
               Chris Lokan and
               Sameer Alam},
  title     = {Adversarial Evolution: Phase transition in non-uniform hard satisfiability
               problems},
  booktitle = {Proceedings of the {IEEE} Congress on Evolutionary Computation, {CEC}
               2010, Barcelona, Spain, 18-23 July 2010},
  pages     = {1--8},
  publisher = {{IEEE}},
  year      = {2010},
  doi       = {10.1109/CEC.2010.5586506},
  timestamp = {Thu, 16 Dec 2021 14:02:32 +0100},
  biburl    = {https://dblp.org/rec/conf/cec/HossainALA10.bib},
  bibsource = {dblp computer science bibliography, https://dblp.org}
}
@article{DBLP:journals/ai/CrawfordA96,
  author    = {James M. Crawford and
               Larry D. Auton},
  title     = {Experimental Results on the Crossover Point in Random 3-{SAT}},
  journal   = {Artif. Intell.},
  volume    = {81},
  number    = {1-2},
  pages     = {31--57},
  year      = {1996},
  doi       = {10.1016/0004-3702(95)00046-1},
  timestamp = {Sat, 27 May 2017 14:24:42 +0200},
  biburl    = {https://dblp.org/rec/journals/ai/CrawfordA96.bib},
  bibsource = {dblp computer science bibliography, https://dblp.org}
}
@article{DBLP:journals/cpc/Coja-OghlanW18,
  author    = {Amin Coja{-}Oghlan and
               Nick Wormald},
  title     = {The Number of Satisfying Assignments of Random Regular k-{SAT} Formulas},
  journal   = {Comb. Probab. Comput.},
  volume    = {27},
  number    = {4},
  pages     = {496--530},
  year      = {2018},
  doi       = {10.1017/S0963548318000263},
  timestamp = {Thu, 12 Mar 2020 15:55:50 +0100},
  biburl    = {https://dblp.org/rec/journals/cpc/Coja-OghlanW18.bib},
  bibsource = {dblp computer science bibliography, https://dblp.org}
}
@inproceedings{DBLP:conf/tacas/BlasiusFS19,
  author    = {Thomas Bl{\"{a}}sius and
               Tobias Friedrich and
               Andrew M. Sutton},
  editor    = {Tom{\'{a}}s Vojnar and
               Lijun Zhang},
  title     = {On the Empirical Time Complexity of Scale-Free 3-{SAT} at the Phase
               Transition},
  booktitle = {Tools and Algorithms for the Construction and Analysis of Systems
               - 25th International Conference, {TACAS} 2019, Held as Part of the
               European Joint Conferences on Theory and Practice of Software, {ETAPS}
               2019, Prague, Czech Republic, April 6-11, 2019, Proceedings, Part
               {I}},
  series    = {Lecture Notes in Computer Science},
  volume    = {11427},
  pages     = {117--134},
  publisher = {Springer},
  year      = {2019},
  doi       = {10.1007/978-3-030-17462-0_7},
  timestamp = {Fri, 31 Jan 2020 21:32:25 +0100},
  biburl    = {https://dblp.org/rec/conf/tacas/BlasiusFS19.bib},
  bibsource = {dblp computer science bibliography, https://dblp.org}
}
@article{DBLP:journals/constraints/CoarfaDASV03,
  author    = {Cristian Coarfa and
               Demetrios D. Demopoulos and
               Alfonso San Miguel Aguirre and
               Devika Subramanian and
               Moshe Y. Vardi},
  title     = {Random 3-{SAT}: The Plot Thickens},
  journal   = {Constraints An Int. J.},
  volume    = {8},
  number    = {3},
  pages     = {243--261},
  year      = {2003},
  doi       = {10.1023/A:1025671026963},
  timestamp = {Sun, 02 Oct 2022 15:31:38 +0200},
  biburl    = {https://dblp.org/rec/journals/constraints/CoarfaDASV03.bib},
  bibsource = {dblp computer science bibliography, https://dblp.org}
}
@inproceedings{DBLP:conf/ijcai/Giraldez-CruL17,
  author    = {Jes{\'{u}}s Gir{\'{a}}ldez{-}Cru and
               Jordi Levy},
  editor    = {Carles Sierra},
  title     = {Locality in Random {SAT} Instances},
  booktitle = {Proceedings of the Twenty-Sixth International Joint Conference on
               Artificial Intelligence, {IJCAI} 2017, Melbourne, Australia, August
               19-25, 2017},
  pages     = {638--644},
  publisher = {ijcai.org},
  year      = {2017},
  doi       = {10.24963/ijcai.2017/89},
  timestamp = {Fri, 27 Mar 2020 09:00:53 +0100},
  biburl    = {https://dblp.org/rec/conf/ijcai/Giraldez-CruL17.bib},
  bibsource = {dblp computer science bibliography, https://dblp.org}
}
@inproceedings{DBLP:conf/ijcai/AnsoteguiBL09,
  author    = {Carlos Ans{\'{o}}tegui and
               Maria Luisa Bonet and
               Jordi Levy},
  editor    = {Craig Boutilier},
  title     = {Towards Industrial-Like Random {SAT} Instances},
  booktitle = {{IJCAI} 2009, Proceedings of the 21st International Joint Conference
               on Artificial Intelligence, Pasadena, California, USA, July 11-17,
               2009},
  pages     = {387--392},
  year      = {2009},
  url       = {http://ijcai.org/Proceedings/09/Papers/072.pdf},
  timestamp = {Tue, 20 Aug 2019 16:17:14 +0200},
  biburl    = {https://dblp.org/rec/conf/ijcai/AnsoteguiBL09.bib},
  bibsource = {dblp computer science bibliography, https://dblp.org}
}
@article{DBLP:journals/ai/Giraldez-CruL16,
  author    = {Jes{\'{u}}s Gir{\'{a}}ldez{-}Cru and
               Jordi Levy},
  title     = {Generating {SAT} instances with community structure},
  journal   = {Artif. Intell.},
  volume    = {238},
  pages     = {119--134},
  year      = {2016},
  doi       = {10.1016/j.artint.2016.06.001},
  timestamp = {Wed, 14 Jun 2017 20:37:20 +0200},
  biburl    = {https://dblp.org/rec/journals/ai/Giraldez-CruL16.bib},
  bibsource = {dblp computer science bibliography, https://dblp.org}
}
@inproceedings{DBLP:conf/aaai/Pehoushek00,
  author    = {Roberto J. {Bayardo Jr.} and
               Joseph Daniel Pehoushek},
  editor    = {Henry A. Kautz and
               Bruce W. Porter},
  title     = {Counting Models Using Connected Components},
  booktitle = {Proceedings of the Seventeenth National Conference on Artificial Intelligence
               and Twelfth Conference on on Innovative Applications of Artificial
               Intelligence, July 30 - August 3, 2000, Austin, Texas, {USA}},
  pages     = {157--162},
  publisher = {{AAAI} Press / The {MIT} Press},
  year      = {2000},
  url       = {http://www.aaai.org/Library/AAAI/2000/aaai00-024.php},
  timestamp = {Wed, 10 Feb 2021 08:44:14 +0100},
  biburl    = {https://dblp.org/rec/conf/aaai/Pehoushek00.bib},
  bibsource = {dblp computer science bibliography, https://dblp.org}
}
@article{DBLP:journals/dam/FrancoP83,
  author    = {John Franco and
               Marvin C. Paull},
  title     = {Probabilistic analysis of the {Davis} {Putnam} procedure for solving the
               satisfiability problem},
  journal   = {Discret. Appl. Math.},
  volume    = {5},
  number    = {1},
  pages     = {77--87},
  year      = {1983},
  doi       = {10.1016/0166-218X(83)90017-3},
  timestamp = {Thu, 11 Feb 2021 23:23:39 +0100},
  biburl    = {https://dblp.org/rec/journals/dam/FrancoP83.bib},
  bibsource = {dblp computer science bibliography, https://dblp.org}
}
@article{DBLP:journals/siamcomp/PurdomB83,
  author    = {Paul Walton {Purdom Jr.} and
               Cynthia A. Brown},
  title     = {An Analysis of Backtracking with Search Rearrangement},
  journal   = {{SIAM} J. Comput.},
  volume    = {12},
  number    = {4},
  pages     = {717--733},
  year      = {1983},
  doi       = {10.1137/0212049},
  timestamp = {Sat, 27 May 2017 14:22:58 +0200},
  biburl    = {https://dblp.org/rec/journals/siamcomp/PurdomB83.bib},
  bibsource = {dblp computer science bibliography, https://dblp.org}
}
@inproceedings{DBLP:conf/aaai/DudekPV20,
  author    = {Jeffrey M. Dudek and
               Vu Phan and
               Moshe Y. Vardi},
  title     = {{ADDMC:} {Weighted} Model Counting with Algebraic Decision Diagrams},
  booktitle = {The Thirty-Fourth {AAAI} Conference on Artificial Intelligence, {AAAI}
               2020, The Thirty-Second Innovative Applications of Artificial Intelligence
               Conference, {IAAI} 2020, The Tenth {AAAI} Symposium on Educational
               Advances in Artificial Intelligence, {EAAI} 2020, New York, NY, USA,
               February 7-12, 2020},
  pages     = {1468--1476},
  publisher = {{AAAI} Press},
  year      = {2020},
  url       = {https://ojs.aaai.org/index.php/AAAI/article/view/5505},
  timestamp = {Mon, 07 Mar 2022 16:57:56 +0100},
  biburl    = {https://dblp.org/rec/conf/aaai/DudekPV20.bib},
  bibsource = {dblp computer science bibliography, https://dblp.org}
}
@article{DBLP:journals/fmsd/BaharFGHMPS97,
  author    = {R. Iris Bahar and
               Erica A. Frohm and
               Charles M. Gaona and
               Gary D. Hachtel and
               Enrico Macii and
               Abelardo Pardo and
               Fabio Somenzi},
  title     = {Algebraic Decision Diagrams and Their Applications},
  journal   = {Formal Methods Syst. Des.},
  volume    = {10},
  number    = {2/3},
  pages     = {171--206},
  year      = {1997},
  doi       = {10.1023/A:1008699807402},
  timestamp = {Fri, 27 Mar 2020 08:37:15 +0100},
  biburl    = {https://dblp.org/rec/journals/fmsd/BaharFGHMPS97.bib},
  bibsource = {dblp computer science bibliography, https://dblp.org}
}
@inproceedings{DBLP:conf/aaai/RenkensKBR14,
  author    = {Joris Renkens and
               Angelika Kimmig and
               Guy {Van den Broeck} and
               Luc {De Raedt}},
  editor    = {Carla E. Brodley and
               Peter Stone},
  title     = {Explanation-Based Approximate Weighted Model Counting for Probabilistic
               Logics},
  booktitle = {Proceedings of the Twenty-Eighth {AAAI} Conference on Artificial Intelligence,
               July 27 -31, 2014, Qu{\'{e}}bec City, Qu{\'{e}}bec, Canada},
  pages     = {2490--2496},
  publisher = {{AAAI} Press},
  year      = {2014},
  url       = {http://www.aaai.org/ocs/index.php/AAAI/AAAI14/paper/view/8484},
  timestamp = {Tue, 08 Mar 2022 21:46:26 +0100},
  biburl    = {https://dblp.org/rec/conf/aaai/RenkensKBR14.bib},
  bibsource = {dblp computer science bibliography, https://dblp.org}
}
@inproceedings{DBLP:conf/pgm/DalLL18,
  author    = {Giso H. Dal and
               Alfons W. Laarman and
               Peter J. F. Lucas},
  editor    = {Milan Studen{\'{y}} and
               V{\'{a}}clav Kratochv{\'{\i}}l},
  title     = {Parallel Probabilistic Inference by Weighted Model Counting},
  booktitle = {International Conference on Probabilistic Graphical Models, {PGM}
               2018, 11-14 September 2018, Prague, Czech Republic},
  series    = {Proceedings of Machine Learning Research},
  volume    = {72},
  pages     = {97--108},
  publisher = {{PMLR}},
  year      = {2018},
  url       = {http://proceedings.mlr.press/v72/dal18a.html},
  timestamp = {Thu, 21 Jan 2021 17:36:39 +0100},
  biburl    = {https://dblp.org/rec/conf/pgm/DalLL18.bib},
  bibsource = {dblp computer science bibliography, https://dblp.org}
}
@inproceedings{DBLP:conf/esa/FichteHWZ18,
  author    = {Johannes Klaus Fichte and
               Markus Hecher and
               Stefan Woltran and
               Markus Zisser},
  editor    = {Yossi Azar and
               Hannah Bast and
               Grzegorz Herman},
  title     = {Weighted Model Counting on the {GPU} by Exploiting Small Treewidth},
  booktitle = {26th Annual European Symposium on Algorithms, {ESA} 2018, August 20-22,
               2018, Helsinki, Finland},
  series    = {LIPIcs},
  volume    = {112},
  pages     = {28:1--28:16},
  publisher = {Schloss Dagstuhl - Leibniz-Zentrum f{\"{u}}r Informatik},
  year      = {2018},
  doi       = {10.4230/LIPIcs.ESA.2018.28},
  timestamp = {Tue, 11 Feb 2020 15:52:14 +0100},
  biburl    = {https://dblp.org/rec/conf/esa/FichteHWZ18.bib},
  bibsource = {dblp computer science bibliography, https://dblp.org}
}
@inproceedings{DBLP:conf/ecai/Riguzzi20,
  author    = {Fabrizio Riguzzi},
  editor    = {Giuseppe De Giacomo and
               Alejandro Catal{\'{a}} and
               Bistra Dilkina and
               Michela Milano and
               Sen{\'{e}}n Barro and
               Alberto Bugar{\'{\i}}n and
               J{\'{e}}r{\^{o}}me Lang},
  title     = {Quantum Weighted Model Counting},
  booktitle = {{ECAI} 2020 - 24th European Conference on Artificial Intelligence,
               29 August-8 September 2020, Santiago de Compostela, Spain, August
               29 - September 8, 2020 - Including 10th Conference on Prestigious
               Applications of Artificial Intelligence {(PAIS} 2020)},
  series    = {Frontiers in Artificial Intelligence and Applications},
  volume    = {325},
  pages     = {2640--2647},
  publisher = {{IOS} Press},
  year      = {2020},
  doi       = {10.3233/FAIA200401},
  timestamp = {Fri, 09 Apr 2021 18:50:05 +0200},
  biburl    = {https://dblp.org/rec/conf/ecai/Riguzzi20.bib},
  bibsource = {dblp computer science bibliography, https://dblp.org}
}
@inproceedings{DBLP:conf/ijcai/ChakrabortyFMV15,
  author    = {Supratik Chakraborty and
               Dror Fried and
               Kuldeep S. Meel and
               Moshe Y. Vardi},
  editor    = {Qiang Yang and
               Michael J. Wooldridge},
  title     = {From Weighted to Unweighted Model Counting},
  booktitle = {Proceedings of the Twenty-Fourth International Joint Conference on
               Artificial Intelligence, {IJCAI} 2015, Buenos Aires, Argentina, July
               25-31, 2015},
  pages     = {689--695},
  publisher = {{AAAI} Press},
  year      = {2015},
  url       = {http://ijcai.org/Abstract/15/103},
  timestamp = {Tue, 20 Aug 2019 16:17:58 +0200},
  biburl    = {https://dblp.org/rec/conf/ijcai/ChakrabortyFMV15.bib},
  bibsource = {dblp computer science bibliography, https://dblp.org}
}
@article{DBLP:journals/jct/RobertsonS91,
  author    = {Neil Robertson and
               Paul D. Seymour},
  title     = {Graph minors. {X}. {Obstructions} to tree-decomposition},
  journal   = {J. Comb. Theory, Ser. {B}},
  volume    = {52},
  number    = {2},
  pages     = {153--190},
  year      = {1991},
  doi       = {10.1016/0095-8956(91)90061-N},
  timestamp = {Fri, 27 Aug 2021 14:49:51 +0200},
  biburl    = {https://dblp.org/rec/journals/jct/RobertsonS91.bib},
  bibsource = {dblp computer science bibliography, https://dblp.org}
}
@inproceedings{DBLP:conf/cp/DilkasB20,
  author    = {Paulius Dilkas and
               Vaishak Belle},
  editor    = {Helmut Simonis},
  title     = {Generating Random Logic Programs Using Constraint Programming},
  booktitle = {Principles and Practice of Constraint Programming - 26th International
               Conference, {CP} 2020, Louvain-la-Neuve, Belgium, September 7-11,
               2020, Proceedings},
  series    = {Lecture Notes in Computer Science},
  volume    = {12333},
  pages     = {828--845},
  publisher = {Springer},
  year      = {2020},
  doi       = {10.1007/978-3-030-58475-7_48},
  timestamp = {Sun, 02 Oct 2022 15:58:03 +0200},
  biburl    = {https://dblp.org/rec/conf/cp/DilkasB20.bib},
  bibsource = {dblp computer science bibliography, https://dblp.org}
}
@article{DBLP:journals/ai/ChaviraD08,
  author    = {Mark Chavira and
               Adnan Darwiche},
  title     = {On probabilistic inference by weighted model counting},
  journal   = {Artif. Intell.},
  volume    = {172},
  number    = {6-7},
  pages     = {772--799},
  year      = {2008},
  doi       = {10.1016/j.artint.2007.11.002},
  timestamp = {Sat, 27 May 2017 14:24:42 +0200},
  biburl    = {https://dblp.org/rec/journals/ai/ChaviraD08.bib},
  bibsource = {dblp computer science bibliography, https://dblp.org}
}
@article{DBLP:journals/jancl/Darwiche01,
  author    = {Adnan Darwiche},
  title     = {On the Tractable Counting of Theory Models and its Application to
               Truth Maintenance and Belief Revision},
  journal   = {J. Appl. Non Class. Logics},
  volume    = {11},
  number    = {1-2},
  pages     = {11--34},
  year      = {2001},
  doi       = {10.3166/jancl.11.11-34},
  timestamp = {Sat, 25 Apr 2020 14:02:36 +0200},
  biburl    = {https://dblp.org/rec/journals/jancl/Darwiche01.bib},
  bibsource = {dblp computer science bibliography, https://dblp.org}
}
@inproceedings{DBLP:conf/aaai/FargierM06,
  author    = {H{\'{e}}l{\`{e}}ne Fargier and
               Pierre Marquis},
  title     = {On the Use of Partially Ordered Decision Graphs in Knowledge Compilation
               and Quantified {Boolean} Formulae},
  booktitle = {Proceedings, The Twenty-First National Conference on Artificial Intelligence
               and the Eighteenth Innovative Applications of Artificial Intelligence
               Conference, July 16-20, 2006, Boston, Massachusetts, {USA}},
  pages     = {42--47},
  publisher = {{AAAI} Press},
  year      = {2006},
  url       = {http://www.aaai.org/Library/AAAI/2006/aaai06-007.php},
  timestamp = {Wed, 10 Feb 2021 08:44:37 +0100},
  biburl    = {https://dblp.org/rec/conf/aaai/FargierM06.bib},
  bibsource = {dblp computer science bibliography, https://dblp.org}
}
@inproceedings{DBLP:conf/ijcai/Darwiche11,
  author    = {Adnan Darwiche},
  editor    = {Toby Walsh},
  title     = {{SDD:} {A} New Canonical Representation of Propositional Knowledge
               Bases},
  booktitle = {{IJCAI} 2011, Proceedings of the 22nd International Joint Conference
               on Artificial Intelligence, Barcelona, Catalonia, Spain, July 16-22,
               2011},
  pages     = {819--826},
  publisher = {{IJCAI/AAAI}},
  year      = {2011},
  doi       = {10.5591/978-1-57735-516-8/IJCAI11-143},
  timestamp = {Tue, 20 Aug 2019 16:16:04 +0200},
  biburl    = {https://dblp.org/rec/conf/ijcai/Darwiche11.bib},
  bibsource = {dblp computer science bibliography, https://dblp.org}
}
@book{DBLP:series/txcs/DowneyF13,
  author    = {Rodney G. Downey and
               Michael R. Fellows},
  title     = {Fundamentals of Parameterized Complexity},
  series    = {Texts in Computer Science},
  publisher = {Springer},
  year      = {2013},
  doi       = {10.1007/978-1-4471-5559-1},
  isbn      = {978-1-4471-5558-4},
  timestamp = {Tue, 16 May 2017 14:24:38 +0200},
  biburl    = {https://dblp.org/rec/series/txcs/DowneyF13.bib},
  bibsource = {dblp computer science bibliography, https://dblp.org}
}
@inproceedings{DBLP:conf/ijcai/Darwiche99,
  author    = {Adnan Darwiche},
  editor    = {Thomas Dean},
  title     = {Compiling Knowledge into Decomposable Negation Normal Form},
  booktitle = {Proceedings of the Sixteenth International Joint Conference on Artificial
               Intelligence, {IJCAI} 99, Stockholm, Sweden, July 31 - August 6, 1999.
               2 Volumes, 1450 pages},
  pages     = {284--289},
  publisher = {Morgan Kaufmann},
  year      = {1999},
  url       = {http://ijcai.org/Proceedings/99-1/Papers/042.pdf},
  timestamp = {Tue, 20 Aug 2019 16:18:16 +0200},
  biburl    = {https://dblp.org/rec/conf/ijcai/Darwiche99.bib},
  bibsource = {dblp computer science bibliography, https://dblp.org}
}
@inproceedings{DBLP:conf/ecai/BartKLM16,
  author    = {Anicet Bart and
               Fr{\'{e}}d{\'{e}}ric Koriche and
               Jean{-}Marie Lagniez and
               Pierre Marquis},
  editor    = {Gal A. Kaminka and
               Maria Fox and
               Paolo Bouquet and
               Eyke H{\"{u}}llermeier and
               Virginia Dignum and
               Frank Dignum and
               Frank van Harmelen},
  title     = {An Improved {CNF} Encoding Scheme for Probabilistic Inference},
  booktitle = {{ECAI} 2016 - 22nd European Conference on Artificial Intelligence,
               29 August-2 September 2016, The Hague, The Netherlands - Including
               Prestigious Applications of Artificial Intelligence {(PAIS} 2016)},
  series    = {Frontiers in Artificial Intelligence and Applications},
  volume    = {285},
  pages     = {613--621},
  publisher = {{IOS} Press},
  year      = {2016},
  doi       = {10.3233/978-1-61499-672-9-613},
  timestamp = {Tue, 02 Nov 2021 15:59:05 +0100},
  biburl    = {https://dblp.org/rec/conf/ecai/BartKLM16.bib},
  bibsource = {dblp computer science bibliography, https://dblp.org}
}
@inproceedings{DBLP:conf/ijcai/ChaviraD05,
  author    = {Mark Chavira and
               Adnan Darwiche},
  editor    = {Leslie Pack Kaelbling and
               Alessandro Saffiotti},
  title     = {Compiling {Bayesian} Networks with Local Structure},
  booktitle = {IJCAI-05, Proceedings of the Nineteenth International Joint Conference
               on Artificial Intelligence, Edinburgh, Scotland, UK, July 30 - August
               5, 2005},
  pages     = {1306--1312},
  publisher = {Professional Book Center},
  year      = {2005},
  url       = {http://ijcai.org/Proceedings/05/Papers/0931.pdf},
  timestamp = {Tue, 20 Aug 2019 16:17:00 +0200},
  biburl    = {https://dblp.org/rec/conf/ijcai/ChaviraD05.bib},
  bibsource = {dblp computer science bibliography, https://dblp.org}
}
@inproceedings{DBLP:conf/sat/ChaviraD06,
  author    = {Mark Chavira and
               Adnan Darwiche},
  editor    = {Armin Biere and
               Carla P. Gomes},
  title     = {Encoding {CNFs} to Empower Component Analysis},
  booktitle = {Theory and Applications of Satisfiability Testing - {SAT} 2006, 9th
               International Conference, Seattle, WA, USA, August 12-15, 2006, Proceedings},
  series    = {Lecture Notes in Computer Science},
  volume    = {4121},
  pages     = {61--74},
  publisher = {Springer},
  year      = {2006},
  doi       = {10.1007/11814948_9},
  timestamp = {Tue, 14 May 2019 10:00:41 +0200},
  biburl    = {https://dblp.org/rec/conf/sat/ChaviraD06.bib},
  bibsource = {dblp computer science bibliography, https://dblp.org}
}
@inproceedings{DBLP:conf/kr/Darwiche02,
  author    = {Adnan Darwiche},
  editor    = {Dieter Fensel and
               Fausto Giunchiglia and
               Deborah L. McGuinness and
               Mary{-}Anne Williams},
  title     = {A Logical Approach to Factoring Belief Networks},
  booktitle = {Proceedings of the Eights International Conference on Principles and
               Knowledge Representation and Reasoning (KR-02), Toulouse, France,
               April 22-25, 2002},
  pages     = {409--420},
  publisher = {Morgan Kaufmann},
  year      = {2002},
  timestamp = {Tue, 22 Jul 2003 15:20:23 +0200},
  biburl    = {https://dblp.org/rec/conf/kr/Darwiche02.bib},
  bibsource = {dblp computer science bibliography, https://dblp.org}
}
@article{DBLP:journals/pacmpl/HoltzenBM20,
  author    = {Steven Holtzen and
               Guy {Van den Broeck} and
               Todd D. Millstein},
  title     = {Scaling exact inference for discrete probabilistic programs},
  journal   = {Proc. {ACM} Program. Lang.},
  volume    = {4},
  number    = {{OOPSLA}},
  pages     = {140:1--140:31},
  year      = {2020},
  doi       = {10.1145/3428208},
  timestamp = {Wed, 17 Feb 2021 08:54:05 +0100},
  biburl    = {https://dblp.org/rec/journals/pacmpl/HoltzenBM20.bib},
  bibsource = {dblp computer science bibliography, https://dblp.org}
}
@article{DBLP:journals/tplp/FierensBRSGTJR15,
  author    = {Daan Fierens and
               Guy {Van den Broeck} and
               Joris Renkens and
               Dimitar Sht. Shterionov and
               Bernd Gutmann and
               Ingo Thon and
               Gerda Janssens and
               Luc {De Raedt}},
  title     = {Inference and learning in probabilistic logic programs using weighted
               {Boolean} formulas},
  journal   = {Theory Pract. Log. Program.},
  volume    = {15},
  number    = {3},
  pages     = {358--401},
  year      = {2015},
  doi       = {10.1017/S1471068414000076},
  timestamp = {Mon, 26 Oct 2020 08:22:48 +0100},
  biburl    = {https://dblp.org/rec/journals/tplp/FierensBRSGTJR15.bib},
  bibsource = {dblp computer science bibliography, https://dblp.org}
}
@inproceedings{DBLP:conf/ijcai/BellePB15,
  author    = {Vaishak Belle and
               Andrea Passerini and
               Guy {Van den Broeck}},
  editor    = {Qiang Yang and
               Michael J. Wooldridge},
  title     = {Probabilistic Inference in Hybrid Domains by Weighted Model Integration},
  booktitle = {Proceedings of the Twenty-Fourth International Joint Conference on
               Artificial Intelligence, {IJCAI} 2015, Buenos Aires, Argentina, July
               25-31, 2015},
  pages     = {2770--2776},
  publisher = {{AAAI} Press},
  year      = {2015},
  url       = {http://ijcai.org/Abstract/15/392},
  timestamp = {Tue, 20 Aug 2019 16:17:58 +0200},
  biburl    = {https://dblp.org/rec/conf/ijcai/BellePB15.bib},
  bibsource = {dblp computer science bibliography, https://dblp.org}
}
@inproceedings{DBLP:conf/aaai/Belle17,
  author    = {Vaishak Belle},
  editor    = {Satinder Singh and
               Shaul Markovitch},
  title     = {Open-Universe Weighted Model Counting},
  booktitle = {Proceedings of the Thirty-First {AAAI} Conference on Artificial Intelligence,
               February 4-9, 2017, San Francisco, California, {USA}},
  pages     = {3701--3708},
  publisher = {{AAAI} Press},
  year      = {2017},
  url       = {http://aaai.org/ocs/index.php/AAAI/AAAI17/paper/view/15008},
  timestamp = {Tue, 19 Apr 2022 16:03:28 +0200},
  biburl    = {https://dblp.org/rec/conf/aaai/Belle17.bib},
  bibsource = {dblp computer science bibliography, https://dblp.org}
}
@article{DBLP:journals/cacm/GogateD16,
  author    = {Vibhav Gogate and
               Pedro M. Domingos},
  title     = {Probabilistic theorem proving},
  journal   = {Commun. {ACM}},
  volume    = {59},
  number    = {7},
  pages     = {107--115},
  year      = {2016},
  doi       = {10.1145/2936726},
  timestamp = {Tue, 06 Nov 2018 12:51:41 +0100},
  biburl    = {https://dblp.org/rec/journals/cacm/GogateD16.bib},
  bibsource = {dblp computer science bibliography, https://dblp.org}
}
@inproceedings{DBLP:conf/ijcai/BroeckTMDR11,
  author    = {Guy {Van den Broeck} and
               Nima Taghipour and
               Wannes Meert and
               Jesse Davis and
               Luc {De Raedt}},
  editor    = {Toby Walsh},
  title     = {Lifted Probabilistic Inference by First-Order Knowledge Compilation},
  booktitle = {{IJCAI} 2011, Proceedings of the 22nd International Joint Conference
               on Artificial Intelligence, Barcelona, Catalonia, Spain, July 16-22,
               2011},
  pages     = {2178--2185},
  publisher = {{IJCAI/AAAI}},
  year      = {2011},
  doi       = {10.5591/978-1-57735-516-8/IJCAI11-363},
  timestamp = {Sun, 25 Oct 2020 23:13:55 +0100},
  biburl    = {https://dblp.org/rec/conf/ijcai/BroeckTMDR11.bib},
  bibsource = {dblp computer science bibliography, https://dblp.org}
}
@inproceedings{DBLP:conf/icml/XuZFLB18,
  author    = {Jingyi Xu and
               Zilu Zhang and
               Tal Friedman and
               Yitao Liang and
               Guy {Van den Broeck}},
  editor    = {Jennifer G. Dy and
               Andreas Krause},
  title     = {A Semantic Loss Function for Deep Learning with Symbolic Knowledge},
  booktitle = {Proceedings of the 35th International Conference on Machine Learning,
               {ICML} 2018, Stockholmsm{\"{a}}ssan, Stockholm, Sweden, July
               10-15, 2018},
  series    = {Proceedings of Machine Learning Research},
  volume    = {80},
  pages     = {5498--5507},
  publisher = {{PMLR}},
  year      = {2018},
  url       = {http://proceedings.mlr.press/v80/xu18h.html},
  timestamp = {Wed, 03 Apr 2019 18:17:30 +0200},
  biburl    = {https://dblp.org/rec/conf/icml/XuZFLB18.bib},
  bibsource = {dblp computer science bibliography, https://dblp.org}
}
@article{DBLP:journals/jair/XuHHL08,
  author    = {Lin Xu and
               Frank Hutter and
               Holger H. Hoos and
               Kevin Leyton{-}Brown},
  title     = {{SATzilla}: Portfolio-based Algorithm Selection for {SAT}},
  journal   = {J. Artif. Intell. Res.},
  volume    = {32},
  pages     = {565--606},
  year      = {2008},
  doi       = {10.1613/jair.2490},
  timestamp = {Mon, 21 Jan 2019 15:01:17 +0100},
  biburl    = {https://dblp.org/rec/journals/jair/XuHHL08.bib},
  bibsource = {dblp computer science bibliography, https://dblp.org}
}
@inproceedings{DBLP:conf/uai/HoeySHB99,
  author    = {Jesse Hoey and
               Robert St{-}Aubin and
               Alan J. Hu and
               Craig Boutilier},
  editor    = {Kathryn B. Laskey and
               Henri Prade},
  title     = {{SPUDD:} {Stochastic} Planning using Decision Diagrams},
  booktitle = {{UAI} '99: Proceedings of the Fifteenth Conference on Uncertainty
               in Artificial Intelligence, Stockholm, Sweden, July 30 - August 1,
               1999},
  pages     = {279--288},
  publisher = {Morgan Kaufmann},
  year      = {1999},
  timestamp = {Wed, 03 Feb 2021 11:09:11 +0100},
  biburl    = {https://dblp.org/rec/conf/uai/HoeySHB99.bib},
  bibsource = {dblp computer science bibliography, https://dblp.org}
}
@inproceedings{DBLP:conf/ijcai/ChaviraD07,
  author    = {Mark Chavira and
               Adnan Darwiche},
  editor    = {Manuela M. Veloso},
  title     = {Compiling {Bayesian} Networks Using Variable Elimination},
  booktitle = {{IJCAI} 2007, Proceedings of the 20th International Joint Conference
               on Artificial Intelligence, Hyderabad, India, January 6-12, 2007},
  pages     = {2443--2449},
  year      = {2007},
  url       = {http://ijcai.org/Proceedings/07/Papers/393.pdf},
  timestamp = {Tue, 20 Aug 2019 16:18:58 +0200},
  biburl    = {https://dblp.org/rec/conf/ijcai/ChaviraD07.bib},
  bibsource = {dblp computer science bibliography, https://dblp.org}
}
@inproceedings{DBLP:conf/uai/GogateD11,
  author    = {Vibhav Gogate and
               Pedro M. Domingos},
  editor    = {F{\'{a}}bio Gagliardi Cozman and
               Avi Pfeffer},
  title     = {Approximation by Quantization},
  booktitle = {{UAI} 2011, Proceedings of the Twenty-Seventh Conference on Uncertainty
               in Artificial Intelligence, Barcelona, Spain, July 14-17, 2011},
  pages     = {247--255},
  publisher = {{AUAI} Press},
  year      = {2011},
  timestamp = {Wed, 03 Feb 2021 11:09:28 +0100},
  biburl    = {https://dblp.org/rec/conf/uai/GogateD11.bib},
  bibsource = {dblp computer science bibliography, https://dblp.org}
}
@inproceedings{DBLP:conf/sat/DilkasB21,
  author    = {Paulius Dilkas and
               Vaishak Belle},
  editor    = {Chu{-}Min Li and
               Felip Many{\`{a}}},
  title     = {Weighted Model Counting Without Parameter Variables},
  booktitle = {Theory and Applications of Satisfiability Testing - {SAT} 2021 - 24th
               International Conference, Barcelona, Spain, July 5-9, 2021, Proceedings},
  series    = {Lecture Notes in Computer Science},
  volume    = {12831},
  pages     = {134--151},
  publisher = {Springer},
  year      = {2021},
  doi       = {10.1007/978-3-030-80223-3_10},
  timestamp = {Sun, 02 Oct 2022 16:14:34 +0200},
  biburl    = {https://dblp.org/rec/conf/sat/DilkasB21.bib},
  bibsource = {dblp computer science bibliography, https://dblp.org}
}
@inproceedings{DBLP:conf/sat/DudekPV21,
  author    = {Jeffrey M. Dudek and
               Vu H. N. Phan and
               Moshe Y. Vardi},
  editor    = {Chu{-}Min Li and
               Felip Many{\`{a}}},
  title     = {{ProCount}: Weighted Projected Model Counting with Graded Project-Join
               Trees},
  booktitle = {Theory and Applications of Satisfiability Testing - {SAT} 2021 - 24th
               International Conference, Barcelona, Spain, July 5-9, 2021, Proceedings},
  series    = {Lecture Notes in Computer Science},
  volume    = {12831},
  pages     = {152--170},
  publisher = {Springer},
  year      = {2021},
  doi       = {10.1007/978-3-030-80223-3_11},
  timestamp = {Wed, 21 Jul 2021 15:31:29 +0200},
  biburl    = {https://dblp.org/rec/conf/sat/DudekPV21.bib},
  bibsource = {dblp computer science bibliography, https://dblp.org}
}
@inproceedings{DBLP:conf/ijcai/PoteJM19,
  author    = {Yash Pote and
               Saurabh Joshi and
               Kuldeep S. Meel},
  editor    = {Sarit Kraus},
  title     = {Phase Transition Behavior of Cardinality and {XOR} Constraints},
  booktitle = {Proceedings of the Twenty-Eighth International Joint Conference on
               Artificial Intelligence, {IJCAI} 2019, Macao, China, August 10-16,
               2019},
  pages     = {1162--1168},
  publisher = {ijcai.org},
  year      = {2019},
  doi       = {10.24963/ijcai.2019/162},
  timestamp = {Mon, 23 Sep 2019 12:22:24 +0200},
  biburl    = {https://dblp.org/rec/conf/ijcai/PoteJM19.bib},
  bibsource = {dblp computer science bibliography, https://dblp.org}
}
@article{DBLP:journals/jair/DarwicheM02,
  author    = {Adnan Darwiche and
               Pierre Marquis},
  title     = {A Knowledge Compilation Map},
  journal   = {J. Artif. Intell. Res.},
  volume    = {17},
  pages     = {229--264},
  year      = {2002},
  doi       = {10.1613/jair.989},
  timestamp = {Mon, 21 Jan 2019 15:01:18 +0100},
  biburl    = {https://dblp.org/rec/journals/jair/DarwicheM02.bib},
  bibsource = {dblp computer science bibliography, https://dblp.org}
}
@article{DBLP:journals/ijar/ChaviraDJ06,
  author    = {Mark Chavira and
               Adnan Darwiche and
               Manfred Jaeger},
  title     = {Compiling relational {Bayesian} networks for exact inference},
  journal   = {Int. J. Approx. Reason.},
  volume    = {42},
  number    = {1-2},
  pages     = {4--20},
  year      = {2006},
  doi       = {10.1016/j.ijar.2005.10.001},
  timestamp = {Tue, 16 Feb 2021 08:55:03 +0100},
  biburl    = {https://dblp.org/rec/journals/ijar/ChaviraDJ06.bib},
  bibsource = {dblp computer science bibliography, https://dblp.org}
}
@inproceedings{DBLP:conf/uai/DilkasB21,
  author    = {Paulius Dilkas and
               Vaishak Belle},
  editor    = {Cassio P. de Campos and
               Marloes H. Maathuis and
               Erik Quaeghebeur},
  title     = {Weighted model counting with conditional weights for {Bayesian} networks},
  booktitle = {Proceedings of the Thirty-Seventh Conference on Uncertainty in Artificial
               Intelligence, {UAI} 2021, Virtual Event, 27-30 July 2021},
  series    = {Proceedings of Machine Learning Research},
  volume    = {161},
  pages     = {386--396},
  publisher = {{AUAI} Press},
  year      = {2021},
  url       = {https://proceedings.mlr.press/v161/dilkas21a.html},
  timestamp = {Sun, 02 Oct 2022 16:16:37 +0200},
  biburl    = {https://dblp.org/rec/conf/uai/DilkasB21.bib},
  bibsource = {dblp computer science bibliography, https://dblp.org}
}
@inproceedings{DBLP:conf/gecco/PushakH20,
  author    = {Yasha Pushak and
               Holger H. Hoos},
  editor    = {Carlos Artemio Coello Coello},
  title     = {Advanced statistical analysis of empirical performance scaling},
  booktitle = {{GECCO} '20: Genetic and Evolutionary Computation Conference, Canc{\'{u}}n
               Mexico, July 8-12, 2020},
  pages     = {236--244},
  publisher = {{ACM}},
  year      = {2020},
  doi       = {10.1145/3377930.3390210},
  timestamp = {Mon, 20 Jul 2020 14:46:12 +0200},
  biburl    = {https://dblp.org/rec/conf/gecco/PushakH20.bib},
  bibsource = {dblp computer science bibliography, https://dblp.org}
}
@inproceedings{DBLP:conf/ijcai/SharmaRSM19,
  author    = {Shubham Sharma and
               Subhajit Roy and
               Mate Soos and
               Kuldeep S. Meel},
  editor    = {Sarit Kraus},
  title     = {{GANAK:} {A} Scalable Probabilistic Exact Model Counter},
  booktitle = {Proceedings of the Twenty-Eighth International Joint Conference on
               Artificial Intelligence, {IJCAI} 2019, Macao, China, August 10-16,
               2019},
  pages     = {1169--1176},
  publisher = {ijcai.org},
  year      = {2019},
  doi       = {10.24963/ijcai.2019/163},
  timestamp = {Fri, 19 Feb 2021 11:42:51 +0100},
  biburl    = {https://dblp.org/rec/conf/ijcai/SharmaRSM19.bib},
  bibsource = {dblp computer science bibliography, https://dblp.org}
}
@inproceedings{DBLP:conf/sat/HecherTW20,
  author    = {Markus Hecher and
               Patrick Thier and
               Stefan Woltran},
  editor    = {Luca Pulina and
               Martina Seidl},
  title     = {Taming High Treewidth with Abstraction, Nested Dynamic Programming,
               and Database Technology},
  booktitle = {Theory and Applications of Satisfiability Testing - {SAT} 2020 - 23rd
               International Conference, Alghero, Italy, July 3-10, 2020, Proceedings},
  series    = {Lecture Notes in Computer Science},
  volume    = {12178},
  pages     = {343--360},
  publisher = {Springer},
  year      = {2020},
  doi       = {10.1007/978-3-030-51825-7_25},
  timestamp = {Thu, 02 Jul 2020 18:42:06 +0200},
  biburl    = {https://dblp.org/rec/conf/sat/HecherTW20.bib},
  bibsource = {dblp computer science bibliography, https://dblp.org}
}
@inproceedings{DBLP:conf/dac/MoskewiczMZZM01,
  author    = {Matthew W. Moskewicz and
               Conor F. Madigan and
               Ying Zhao and
               Lintao Zhang and
               Sharad Malik},
  title     = {Chaff: Engineering an Efficient {SAT} Solver},
  booktitle = {Proceedings of the 38th Design Automation Conference, {DAC} 2001,
               Las Vegas, NV, USA, June 18-22, 2001},
  pages     = {530--535},
  publisher = {{ACM}},
  year      = {2001},
  doi       = {10.1145/378239.379017},
  timestamp = {Wed, 14 Nov 2018 10:58:37 +0100},
  biburl    = {https://dblp.org/rec/conf/dac/MoskewiczMZZM01.bib},
  bibsource = {dblp computer science bibliography, https://dblp.org}
}
@inproceedings{DBLP:conf/cp/KorhonenJ21,
  author    = {Tuukka Korhonen and
               Matti J{\"{a}}rvisalo},
  editor    = {Laurent D. Michel},
  title     = {Integrating Tree Decompositions into Decision Heuristics of Propositional
               Model Counters (Short Paper)},
  booktitle = {27th International Conference on Principles and Practice of Constraint
               Programming, {CP} 2021, Montpellier, France (Virtual Conference),
               October 25-29, 2021},
  series    = {LIPIcs},
  volume    = {210},
  pages     = {8:1--8:11},
  publisher = {Schloss Dagstuhl - Leibniz-Zentrum f{\"{u}}r Informatik},
  year      = {2021},
  doi       = {10.4230/LIPIcs.CP.2021.8},
  timestamp = {Wed, 03 Nov 2021 08:28:40 +0100},
  biburl    = {https://dblp.org/rec/conf/cp/KorhonenJ21.bib},
  bibsource = {dblp computer science bibliography, https://dblp.org}
}
@inproceedings{DBLP:conf/wea/BannachBE17,
  author    = {Max Bannach and
               Sebastian Berndt and
               Thorsten Ehlers},
  editor    = {Costas S. Iliopoulos and
               Solon P. Pissis and
               Simon J. Puglisi and
               Rajeev Raman},
  title     = {Jdrasil: {A} Modular Library for Computing Tree Decompositions},
  booktitle = {16th International Symposium on Experimental Algorithms, {SEA} 2017,
               June 21-23, 2017, London, {UK}},
  series    = {LIPIcs},
  volume    = {75},
  pages     = {28:1--28:21},
  publisher = {Schloss Dagstuhl - Leibniz-Zentrum f{\"{u}}r Informatik},
  year      = {2017},
  doi       = {10.4230/LIPIcs.SEA.2017.28},
  timestamp = {Tue, 11 Feb 2020 15:52:14 +0100},
  biburl    = {https://dblp.org/rec/conf/wea/BannachBE17.bib},
  bibsource = {dblp computer science bibliography, https://dblp.org}
}
@article{DBLP:journals/ai/VlasselaerMBR16,
  author    = {Jonas Vlasselaer and
               Wannes Meert and
               Guy {Van den Broeck} and
               Luc {De Raedt}},
  title     = {Exploiting local and repeated structure in Dynamic {Bayesian} Networks},
  journal   = {Artif. Intell.},
  volume    = {232},
  pages     = {43--53},
  year      = {2016},
  doi       = {10.1016/j.artint.2015.12.001},
  timestamp = {Mon, 26 Oct 2020 09:02:07 +0100},
  biburl    = {https://dblp.org/rec/journals/ai/VlasselaerMBR16.bib},
  bibsource = {dblp computer science bibliography, https://dblp.org}
}
@article{DBLP:journals/jea/FichteHH21,
  author    = {Johannes Klaus Fichte and
               Markus Hecher and
               Florim Hamiti},
  title     = {The Model Counting Competition 2020},
  journal   = {{ACM} J. Exp. Algorithmics},
  volume    = {26},
  pages     = {13:1--13:26},
  year      = {2021},
  doi       = {10.1145/3459080},
  timestamp = {Tue, 28 Jun 2022 21:07:37 +0200},
  biburl    = {https://dblp.org/rec/journals/jea/FichteHH21.bib},
  bibsource = {dblp computer science bibliography, https://dblp.org}
}
@article{DBLP:journals/jair/AtseriasFT11,
  author    = {Albert Atserias and
               Johannes Klaus Fichte and
               Marc Thurley},
  title     = {Clause-Learning Algorithms with Many Restarts and Bounded-Width Resolution},
  journal   = {J. Artif. Intell. Res.},
  volume    = {40},
  pages     = {353--373},
  year      = {2011},
  doi       = {10.1613/jair.3152},
  timestamp = {Mon, 21 Jan 2019 15:01:18 +0100},
  biburl    = {https://dblp.org/rec/journals/jair/AtseriasFT11.bib},
  bibsource = {dblp computer science bibliography, https://dblp.org}
}
@inproceedings{DBLP:conf/cp/GuptaRM20,
  author    = {Rahul Gupta and
               Subhajit Roy and
               Kuldeep S. Meel},
  editor    = {Helmut Simonis},
  title     = {Phase Transition Behavior in Knowledge Compilation},
  booktitle = {Principles and Practice of Constraint Programming - 26th International
               Conference, {CP} 2020, Louvain-la-Neuve, Belgium, September 7-11,
               2020, Proceedings},
  series    = {Lecture Notes in Computer Science},
  volume    = {12333},
  pages     = {358--374},
  publisher = {Springer},
  year      = {2020},
  doi       = {10.1007/978-3-030-58475-7_21},
  timestamp = {Tue, 08 Sep 2020 19:28:09 +0200},
  biburl    = {https://dblp.org/rec/conf/cp/GuptaRM20.bib},
  bibsource = {dblp computer science bibliography, https://dblp.org}
}
@article{DBLP:journals/jair/BirnbaumL99,
  author    = {Elazar Birnbaum and
               Eliezer L. Lozinskii},
  title     = {The Good Old {Davis-Putnam} Procedure Helps Counting Models},
  journal   = {J. Artif. Intell. Res.},
  volume    = {10},
  pages     = {457--477},
  year      = {1999},
  doi       = {10.1613/jair.601},
  timestamp = {Mon, 21 Jan 2019 15:01:17 +0100},
  biburl    = {https://dblp.org/rec/journals/jair/BirnbaumL99.bib},
  bibsource = {dblp computer science bibliography, https://dblp.org}
}
@inproceedings{DBLP:conf/aaai/Darwiche02,
  author    = {Adnan Darwiche},
  editor    = {Rina Dechter and
               Michael J. Kearns and
               Richard S. Sutton},
  title     = {A Compiler for Deterministic, Decomposable Negation Normal Form},
  booktitle = {Proceedings of the Eighteenth National Conference on Artificial Intelligence
               and Fourteenth Conference on Innovative Applications of Artificial
               Intelligence, July 28 - August 1, 2002, Edmonton, Alberta, Canada},
  pages     = {627--634},
  publisher = {{AAAI} Press / The {MIT} Press},
  year      = {2002},
  url       = {http://www.aaai.org/Library/AAAI/2002/aaai02-094.php},
  timestamp = {Wed, 10 Feb 2021 08:44:56 +0100},
  biburl    = {https://dblp.org/rec/conf/aaai/Darwiche02.bib},
  bibsource = {dblp computer science bibliography, https://dblp.org}
}
@incollection{DBLP:series/faia/ChakrabortyMV21,
  author    = {Supratik Chakraborty and
               Kuldeep S. Meel and
               Moshe Y. Vardi},
  editor    = {Armin Biere and
               Marijn Heule and
               Hans {van Maaren} and
               Toby Walsh},
  title     = {Approximate Model Counting},
  booktitle = {Handbook of Satisfiability - Second Edition},
  series    = {Frontiers in Artificial Intelligence and Applications},
  volume    = {336},
  pages     = {1015--1045},
  publisher = {{IOS} Press},
  year      = {2021},
  doi       = {10.3233/FAIA201010},
  timestamp = {Fri, 06 May 2022 08:06:04 +0200},
  biburl    = {https://dblp.org/rec/series/faia/ChakrabortyMV21.bib},
  bibsource = {dblp computer science bibliography, https://dblp.org}
}
